2640 4372
123 193 185 252 110
554 195 683 248 Epopon
702 201 725 249 5.
745 200 768 251 6.

251 368 329 430 lliris
350 387 434 446 agam
455 370 521 430 vosl
544 368 607 430 dira
630 371 783 432 detestatio

177 463 207 515 00
293 454 377 514 Nulla
400 454 534 532 expiatur
557 455 680 515 victima.

251 538 341 612 Quin,
365 538 415 599 ubi
438 540 536 618 perire
558 540 656 602 iussus
678 541 875 620 exspiravero,

297 624 466 685 Nocturnus
489 643 643 687 occurram
664 626 748 686 luror

251 708 410 787 Petamque
432 709 528 770 voltus
550 710 654 772 umbra
677 711 773 771 curvis
796 710 954 788 unguibus,

297 793 379 864 Quae
401 795 443 855 vis
464 794 586 855 deorum
610 805 654 856 est
675 796 815 868 Manium,

179 890 208 941 05
251 878 289 940 Et
310 879 450 958 inquietis
472 881 609 941 adsidens
632 881 812 959 praecordiis

298 964 410 1025 Pavore
431 983 553 1026 somnos
575 967 720 1026 auferam:

253 1049 310 1110 Vos
333 1049 420 1110 turha
442 1051 556 1111 vicatim
579 1051 649 1111 hinc
672 1061 702 1111 et
723 1051 793 1112 hinc
815 1051 890 1112 saxis
912 1061 1018 1130 petens

301 1134 470 1196 Contundet
493 1135 655 1197 obscaenas
677 1155 766 1209 anus;

254 1218 324 1280 Post
345 1219 491 1299 insepulta
514 1220 644 1280 membra
668 1221 804 1281 different
825 1219 888 1299 lupi

169 1315 211 1365 100
296 1304 334 1364 Et
355 1304 525 1384 Esquilinae
547 1307 638 1378 alites,

254 1390 356 1469 Neque
378 1391 436 1451 hoc
457 1398 606 1469 parentes,
628 1391 687 1451 heu
710 1389 779 1450 mihi
801 1389 984 1469 superstites,

301 1474 445 1554 Effugerit
466 1471 686 1554 spectaculum?

646 1829 682 1889 Vl

258 1948 334 2019 Quid
358 1949 531 2010 inmerentis
553 1950 683 2029 hospites
706 1967 792 2010 vexas
815 1948 897 2010 canis

302 2034 428 2114 Ignarus
450 2035 602 2096 adversum
626 2032 734 2113 lupos?

259 2118 338 2189 Quin
360 2120 419 2181 huc
442 2120 548 2193 inanis,
571 2121 595 2180 si
617 2128 710 2198 potes,
733 2117 822 2180 vertis
843 2118 946 2192 minas,
1050 2111 1055 2121 “

305 2204 342 2265 Et
364 2223 411 2265 me
433 2222 635 2266 remorsurum
657 2201 754 2282 petis?

200 2300 214 2349 t
257 2288 329 2349 Nam
353 2289 447 2368 qualis
468 2297 519 2350 aut
539 2290 684 2350 Molossus
705 2297 755 2350 aut
777 2287 873 2349 fulvus
895 2288 1005 2363 Lacon,

304 2374 403 2437 Amica
426 2376 469 2436 vis
491 2375 669 2454 pastoribus,

258 2461 348 2538 rigam
371 2479 425 2540 per
446 2461 517 2521 altas
539 2479 610 2520 aure
632 2458 745 2520 sublata
768 2458 842 2518 nivis

306 2545 518 2624 Quaecumque
540 2544 697 2624 praecedet
718 2544 797 2616 lera3

259 2630 314 2704 Tu,
337 2649 405 2691 cum
426 2630 555 2692 timenda
577 2649 648 2690 voce
670 2627 824 2707 complesti
848 2643 959 2699 nemus,

187 2725 216 2775 10
301 2716 469 2777 Proiectum
493 2715 625 2776 odoraris
647 2714 756 2774 cibum.

261 2802 344 2875 Cave,
368 2801 450 2862 cavel
475 2819 602 2880 namque
624 2800 654 2859 in
678 2797 770 2858 malos
792 2796 972 2875 asperrimus

307 2886 409 2946 Parata
431 2886 502 2946 tollo
526 2902 648 2957 cornua,

262 2971 361 3041 Qualis
383 2969 546 3051 Lycambae
569 2977 686 3047 spretus
707 2966 798 3027 infido
821 2983 914 3044 gener

307 3056 365 3116 dut
386 3073 454 3117 acer
475 3055 568 3115 hostis
589 3052 716 3131 Bupalo:

191 3151 219 3201 15
262 3142 317 3210 dn,
340 3141 432 3220 siquis
454 3150 517 3200 atro
540 3139 628 3199 dente
650 3157 697 3198 me
720 3135 864 3216 petiverit,

287 3225 403 3287 lnultus
425 3233 458 3285 ut
479 3224 557 3285 flebo
579 3221 677 3302 puer?

221 3513 244 3565 V
271 3530 295 3563 v.
322 3514 353 3564 90
379 3511 494 3575 victima,
519 3509 645 3561 belreim
663 3525 729 3560 mus.
754 3507 820 3573 phil.
846 3508 887 3571 30,
913 3506 959 3557 112
984 3503 1096 3568 (victima
1120 3524 1132 3551 ,ε

138 3585 186 3638 102
204 3580 339 3648 effugerint

224 3649 256 3703 Vl
275 3665 297 3702 v.
316 3650 331 3701 2
350 3645 473 3700 aduersus
488 3646 523 3713 13
543 3649 613 3698 uerte
630 3645 667 3696 Ba
681 3643 767 3710 (0)-14
786 3647 845 3710 pete
863 3641 919 3705 [8⁰]
937 3641 973 3706 (o)
990 3640 1025 3704 15
1046 3638 1103 3690 laco

599 3815 747 3825 --—-
