2640 4372
127 241 169 298 54
535 239 706 293 CARMlNUM
724 242 754 293 lll
772 246 797 296 4.

198 421 212 469 5
256 409 390 472 Auditis?
406 429 442 470 an
460 429 507 470 me
522 410 595 470 ludit
610 411 741 472 amabilis

255 493 393 556 insania‘l
409 495 509 555 audire
527 505 555 555 et
569 495 669 556 videor
684 497 750 574 pios

298 580 405 640 Errare
421 581 581 658 periuros,
597 598 737 640 amoenae

352 665 432 734 Quos
449 676 478 724 et
495 683 587 743 aquae
602 665 733 725 subeunt
747 674 776 725 et
791 687 888 729 aurae.

255 817 301 878 Me
317 815 466 875 fabulosae
483 815 602 876 Volture
618 817 647 875 in
661 816 757 894 Apulo

185 910 213 960 10
258 901 388 961 Nutricis
403 910 483 960 extra
500 900 599 960 limina
617 901 726 960 Pulliae

302 986 385 1045 Ludo
402 987 613 1064 fatigatumque
629 1004 734 1046 somno

353 1070 471 1131 Fronde
487 1089 563 1130 nova
577 1089 703 1149 puerum
719 1071 873 1148 palumbes

254 1222 374 1294 Terrore,
391 1223 498 1283 mirum
516 1222 593 1300 quod
609 1224 686 1282 foret
702 1222 850 1293 omnibus

256 1306 441 1384 Quicumque
457 1308 552 1367 oelsae
568 1307 670 1366 nidum
686 1308 882 1368 Acheruntiae

183 1400 211 1449 15
296 1392 452 1469 Saltusque
468 1392 609 1452 Bantinos
625 1401 655 1451 et
669 1410 769 1451 arvum

350 1477 465 1554 Pingue
481 1486 585 1536 tenent
600 1477 718 1537 humilis
734 1476 866 1548 Forenti,

256 1625 293 1686 Ut
308 1636 372 1688 tuto
387 1627 423 1687 ab
440 1629 510 1689 atris
526 1647 652 1707 corpore
668 1628 776 1706 viperis

254 1711 417 1772 Dormirem
434 1725 463 1772 et
478 1713 563 1786 ursis,
580 1725 612 1772 ui
627 1731 779 1791 premerer
794 1731 875 1773 saera

300 1796 458 1874 Lauroque
474 1798 647 1875 conlataque
663 1807 767 1876 myrto,

182 1887 211 1937 m
359 1882 425 1941 Non
442 1883 506 1941 sine
522 1882 565 1941 nis
581 1882 732 1941 animosus
747 1881 854 1941 iulans.

255 2031 365 2104 Vester,
381 2031 534 2103 Camenae,
552 2041 647 2092 vester
663 2033 692 2091 in
709 2033 817 2094 arduos

254 2115 355 2176 Tollor
370 2116 504 2188 Sabinos,
519 2135 571 2177 seu
587 2117 657 2176 mihi
673 2117 811 2193 frigidum

300 2202 458 2261 Praeneste
473 2220 525 2261 seu
540 2200 633 2260 Tibur
648 2202 787 2280 supinum

352 2285 409 2345 Seu
422 2285 549 2363 liquidae
564 2286 701 2363 placuere
717 2287 818 2361 Baiae;

185 2447 214 2495 25
257 2436 367 2497 Vestris
383 2437 507 2498 amicum
525 2438 656 2498 lontibus
672 2448 701 2498 et
717 2438 817 2499 eboris

253 2522 319 2583 Non
336 2540 381 2582 me
397 2522 541 2603 Philippis
557 2541 637 2583 versa
653 2524 731 2584 aeies
747 2533 837 2594 retro,

300 2608 407 2667 Deiota
424 2627 485 2667 non
504 2609 642 2668 exstinxit
656 2609 745 2669 arbor

350 2692 411 2752 Neo
429 2693 526 2753 Sicula
544 2692 698 2752 Palinurus
714 2693 802 2753 unda.

124 2836 326 2854 κ.

210 2957 244 3008 lV
255 2976 279 3010 e.
295 2965 325 3013 10
344 2960 441 3011 altriois
454 2963 489 3023 (ol
504 2963 508 3024 Ι
524 2960 610 3008 limina
630 2959 737 3022 Pulliae]
758 2975 781 3022 o,
800 2960 871 3023 quod
887 2975 941 3008 non
959 2973 1056 3008 nomen
1072 2961 1140 3023 pagi
1158 2964 1200 3010 in·

125 3023 194 3074 elusi
223 3027 321 3088 finibus
339 3028 485 3079 Venusinis
512 3041 571 3076 oum
591 3025 735 3077 Brieleelero
763 3030 911 3076 coniectari,
937 3043 962 3076 e.
988 3027 1054 3078 1878
1071 3043 1097 3090 p.
1117 3029 1148 3078 21
1158 3044 1199 3093 eq.

125 3107 180 3141 esse
192 3108 291 3161 censeo,
306 3097 353 3147 sed
371 3111 430 3146 eum
441 3095 542 3144 robolin
555 3095 645 3158 aliquo
654 3096 779 3145 Parisino
796 3097 829 3144 ab
850 3093 897 3143 uls
907 3097 936 3143 in
951 3094 992 3146 ed.
1008 3095 1073 3144 min.
1092 3109 1118 3145 α.
1131 3096 1197 3147 1878

125 3159 208 3212 allato
226 3165 312 3227 ipsius
329 3164 461 3224 nutriris;
484 3178 579 3212 nomen
603 3164 670 3212 sotio
686 3161 814 3228 frequens
837 3167 917 3227 elque
935 3166 964 3210 in
982 3177 1013 3211 eo
1030 3163 1199 3226 potissimum

125 3231 235 3292 regione
258 3229 343 3291 fnisse
364 3232 481 3296 probant
508 3232 697 3295 inscriptiones
719 3248 743 3280 o.
763 3229 818 3280 CIL
835 3229 843 3280 l
861 3246 888 3282 n.
908 3233 922 3280 5
941 3228 1047 3293 (Puli0);
1070 3232 1119 3291 Ι577
1137 3228 1147 3279 Ι
1168 3232 1198 3290 2;

127 3298 226 3357 1556r;
256 3299 326 3365 lique
343 3303 372 3349 in
389 3299 445 3351 ind.
464 3298 496 3349 1x
517 3315 542 3363 p.
563 3300 611 3350 723
635 3304 661 3348 el
683 3298 704 3348 X
725 3315 753 3363 p.
775 3299 839 3348 1052
861 3297 977 3347 indicati
994 3298 1069 3359 [beer
1087 3312 1110 3348 e.
1131 3299 1198 3351 1888

124 3364 326 3429 adnotaveram
351 3367 460 3417 eandem
487 3370 645 3417 sententiam
669 3370 698 3416 in
717 3369 839 3416 oratione
857 3365 881 3416 d.
900 3368 931 3417 17
950 3380 984 3415 m.
1003 3364 1060 3414 Ion.
1084 3379 1109 3417 a.
1132 3366 1198 3417 1889

125 3435 155 3481 in
173 3434 249 3484 ared.
269 3451 325 3500 reg.
343 3436 431 3487 Berol.
451 3437 571 3485 bobilam
597 3453 613 3484 a
635 3435 680 3485 Tle.
698 3435 859 3484 Mommsenio
881 3433 1019 3497 prolatam
1036 3448 1091 3481 esse
1109 3432 1197 3482 laetor

125 3517 148 3551 o.
167 3506 244 3554 nunt.
263 3505 339 3556 ared.
353 3502 439 3555 Ber-ol.
459 3519 484 3554 a.
506 3505 570 3557 1889
585 3520 614 3568 p.
628 3505 650 3562 8,
672 3506 697 3563 1;
720 3502 813 3552 Pulliis
834 3516 922 3565 nuper
939 3503 1049 3551 necessit
1066 3502 1097 3549 in
1114 3503 1196 3552 inser.

120 3583 209 3634 prope
225 3570 330 3621 Forum
349 3571 437 3621 Clodii
459 3576 566 3636 reperta
589 3572 635 3622 Cn.
653 3570 758 3621 Pullius
776 3569 861 3620 Pollio
883 3585 908 3620 v.
928 3568 1073 3618 Mommsen
1090 3583 1145 3621 reo.
1164 3569 1198 3618 de

122 3635 191 3700 pnil.
224 3640 268 3703 13,
297 3641 345 3691 129
353 3655 409 3702 sqq.
415 3656 425 3699 ,·
461 3637 496 3698 ef.
528 3642 609 3688 eiiam
641 3653 682 3702 ep.
711 3637 827 3688 Gemelli
854 3636 922 3688 Celsi
949 3652 1016 3700 quae
1042 3632 1134 3695 fertur
1161 3636 1199 3686 ed

123 3704 244 3754 Polliam
265 3706 389 3757 Natalem
412 3708 493 3758 inser.
519 3711 545 3756 el
567 3705 593 3773 §.
615 3708 628 3756 1
651 3721 677 3769 p.
696 3706 731 3756 20
754 3706 794 3757 ed.
814 3705 970 3755 Helmreieb.
990 3703 1077 3754 limine
1097 3702 1197 3756 Polliae

125 3773 355 3825 commendaverat
383 3776 426 3827 W.
447 3775 573 3825 Fribner
597 3774 690 3838 pleilol.
720 3776 759 3836 12,
788 3775 836 3825 196
867 3775 924 3837 ipse
949 3774 1065 3822 nominis
1092 3771 1199 3822 Pullius

123 3840 246 3904 eoeemple
263 3859 427 3908 proponens:
447 3849 530 3893 tamen
549 3841 650 3908 apuliae
668 3857 683 3890 v
700 3841 704 3906 Ι
722 3844 754 3893 14
771 3841 934 3891 acherontiae
947 3855 962 3888 v
975 3839 1129 3891 Aceruntiae
1149 3838 1197 3894 Th.

124 3908 268 3960 Mommsen
282 3911 337 3962 CIL
354 3910 386 3961 IX
404 3927 431 3976 p.
451 3912 503 3975 431
522 3911 552 3961 16
572 3908 681 3972 Forenti]
702 3925 717 3958 o
736 3907 771 3969 ef.
784 3908 973 3959 Mommsenins
990 3908 1008 3960 l.
1027 3907 1059 3960 l.:
1078 3905 1173 3959 ferenti
