2640 4372
512 230 514 235 ’
532 214 703 267 unummuu
721 217 731 268 Ι
750 218 791 269 35.

257 387 299 446 Te
315 387 411 448 Dacus
427 405 520 466 asper,
537 395 566 447 te
580 389 699 466 profugi
715 388 839 467 Scythae

258 471 413 550 Urhesque
429 480 592 550 gentesque
608 482 638 532 et
651 473 767 533 Latium
783 473 866 535 teror

303 556 477 636 Regumque
492 565 599 617 matres
614 556 807 618 harbarorum
823 568 851 619 ct

356 641 500 720 Purpurei
515 650 653 703 metuunt
668 643 795 721 tyranni,

259 775 405 838 iniurioso
421 795 458 837 ne
474 776 549 856 pede
564 794 689 856 proruas

260 860 391 921 Stantem
407 862 575 922 columnam
592 879 650 921 neu
666 861 794 940 populus
810 864 954 940 frequens

306 945 349 1006 Ad
364 964 442 1005 arma
457 947 608 1017 cessantis,
624 947 661 1006 ad
677 965 756 1006 arma

358 1030 492 1091 Concitet
506 1031 721 1110 imperiumque
737 1032 868 1109 frangam

259 1165 301 1226 Te
318 1184 434 1244 semper
449 1166 540 1226 anteit
555 1184 638 1227 saeva
654 1165 827 1240 Necessitas,

258 1249 360 1311 Clavus
374 1251 492 1312 trabalis
508 1261 536 1310 et
552 1269 663 1311 cuneos
677 1269 768 1311 manu

304 1335 427 1396 Gestans
442 1353 514 1395 aena
530 1353 585 1396 nec
600 1353 719 1395 severus

353 1419 455 1481 Uncus
470 1421 552 1481 abest
567 1420 771 1498 liquidumque
788 1419 952 1498 plumbum,

258 1554 299 1615 Te
316 1556 390 1634 Spes
406 1565 434 1615 et
450 1555 515 1615 albo
532 1572 596 1614 rara
612 1553 699 1613 Fides
714 1554 784 1614 colit

258 1639 356 1699 Velata
373 1658 474 1719 panno
491 1657 547 1698 nec
563 1639 701 1698 comitem
716 1638 850 1714 abnegat,

305 1724 471 1802 Utcumque
486 1732 596 1783 mutata
612 1723 741 1800 potentis

358 1808 443 1869 Veste
459 1808 563 1867 domos
578 1807 697 1867 inimica
713 1807 831 1886 linquis,

259 1944 296 2004 At
312 1943 413 2021 volgus
427 1944 550 2004 infidum
566 1952 595 2003 et
611 1944 748 2004 meretrix
763 1952 843 2004 retro

258 2028 378 2089 Periura
395 2028 481 2102 cedit,
497 2028 656 2106 diffugiunt
672 2029 750 2090 cadis

304 2113 377 2174 Cum
393 2115 478 2175 iaece‘
488 2113 603 2174 siccatis
620 2113 713 2185 amici,

353 2198 443 2259 Ferre
459 2199 560 2276 iugum
576 2198 686 2277 pariter
701 2198 809 2258 uotosi:

258 2333 361 2394 Servos
375 2333 485 2393 iturum
501 2332 654 2394 Caesarem
670 2334 700 2392 in
717 2333 835 2393 ultimos

258 2416 346 2477 Orbis
361 2417 518 2477 Britannos
534 2426 563 2476 et
577 2418 715 2477 iuvenum
731 2436 837 2478 recens

305 2500 447 2571 Examen,
462 2500 533 2560 Eois
548 2501 711 2560 timendum

357 2583 493 2647 Partibus
509 2583 690 2660 Oceanoque
705 2583 807 2644 rubro.

259 2716 335 2790 Heu,
351 2718 409 2778 heu
426 2717 594 2778 cicatricum
612 2727 640 2777 et
654 2717 774 2780 sceleris
790 2720 880 2798 pudet

257 2801 469 2881 Fratrumquei
487 2802 556 2880 quid
573 2822 628 2864 nos
644 2801 717 2863 dura
732 2804 896 2882 refugimus

305 2885 415 2949 Aetas?
431 2888 500 2967 quid
517 2887 660 2948 intactum
676 2889 779 2949 nefasti

355 2970 528 3051 Liquimus?
544 2972 624 3033 unde
640 2992 759 3034 manum
775 2974 911 3036 iuventus

258 3105 339 3167 Metu
353 3108 476 3169 deorum
492 3105 662 3169 continuit?
678 3109 785 3185 quibus

256 3190 393 3270 Pepercit
407 3191 488 3253 aris?
505 3193 528 3253 0
545 3194 657 3253 utinam
675 3211 749 3252 nova

303 3275 416 3337 incude
432 3278 567 3356 diffingas
582 3287 715 3338 retusum
731 3278 761 3337 in

353 3361 528 3439 Massagetas
544 3362 713 3440 Arabasque
728 3363 855 3423 ferrumi
1131 3370 1159 3420 to

213 3608 305 3660 XXXV
323 3627 345 3662 o.
366 3614 397 3662 17
415 3626 488 3662 serua
508 3611 513 3675 Ι
536 3612 568 3662 22
591 3611 703 3676 abnegas
725 3611 907 3663 Doederleinii
931 3609 1041 3660 auditor
1063 3609 1098 3672 (a.
1126 3609 1202 3672 1830)

123 3693 160 3810 pv.)
171 3676 371 3811 epppinlgearpepvju.
390 3676 522 3738 Aufsai'tze
540 3678 559 3728 ll
577 3680 690 3744 mosqq.
706 3677 710 3747 Ι
727 3681 758 3732 33
777 3679 826 3730 heu
844 3694 859 3727 o
879 3678 943 3729 eheu
961 3677 996 3740 (o)
1012 3676 1015 3743 Ι
1032 3678 1064 3727 39
1083 3673 1202 3726 diifiudas
