2640 4372
495 213 668 266 cnauruuu
685 215 705 268 11
723 218 746 268 o.
767 218 806 267 io.
868 200 876 217 ⁸

637 385 676 444 lX

245 504 311 563 Non
328 521 446 583 semper
461 502 571 564 imbres
587 503 716 564 nubibus
731 504 862 582 hispidos

247 587 368 648 Manant
383 588 412 648 in
430 606 518 666 agros
533 596 583 648 aut
597 606 678 649 mare
695 587 831 668 Caspium

292 671 405 734 Vexent
420 673 590 751 inaequales
605 673 752 752 procellae

342 757 441 835 Usque
459 776 515 818 nec
530 758 678 819 Armeniis
693 758 722 819 in
740 759 810 830 oris,

246 874 348 934 Amice
363 875 454 954 Valgi,
470 884 526 936 stat
541 876 650 955 glacies
665 877 745 937 iners

246 958 355 1020 Mensis
370 978 424 1038 per
439 961 535 1022 omnis
550 971 601 1021 aut
615 961 805 1039 aquilonibus

293 1043 464 1123 Querqueta
480 1045 608 1123 Gargani
625 1046 761 1106 laborant

344 1129 383 1188 Et
397 1130 473 1191 soliis
488 1131 646 1192 viduantur
662 1131 743 1191 orni:

248 1246 292 1307 Tu
308 1267 425 1327 semper
440 1268 527 1328 urges
543 1249 689 1310 flebilibus
703 1249 797 1310 modis

248 1331 363 1410 Mysten
380 1334 549 1413 ademptum
566 1353 621 1395 nec
636 1334 689 1395 tibi
705 1335 835 1413 Vespero

292 1419 439 1496 Surgente
454 1419 602 1481 decedunt
616 1437 732 1479 amores

344 1503 405 1563 Nec
422 1503 557 1582 rapidum
574 1504 706 1582 fugiente
721 1503 823 1563 solem.
891 1547 893 1551 -

249 1618 286 1679 At
302 1638 362 1679 non
380 1629 425 1679 ter
441 1638 511 1681 aevo
526 1622 647 1681 iunctus
663 1619 818 1680 amabilem

249 1703 376 1764 Ploravit
392 1705 489 1765 omnis
504 1705 694 1765 Antilochum
710 1723 800 1765 senex

294 1789 398 1849 Annos
415 1808 470 1849 nec
486 1789 637 1868 impubem
653 1800 790 1868 parentes

345 1873 467 1934 Troilon
484 1883 534 1934 aut
549 1875 691 1954 Phrygiae
707 1892 824 1934 sorores

248 1991 368 2053 Flcvere
384 2011 511 2072 semper.
543 1992 650 2054 Desine
666 1992 798 2053 mollium

247 2076 378 2138 Tandem
396 2077 593 2156 querellarum
610 2086 639 2138 et
654 2077 753 2156 potius
768 2095 842 2136 nova

294 2162 453 2223 Cantemus
468 2163 593 2242 Augusti
608 2171 726 2242 tropaea

346 2247 477 2308 Caesaris
493 2256 522 2307 et
536 2248 662 2327 rigidum
679 2247 824 2326 Niphaten

250 2362 428 2442 Medumque
443 2366 554 2426 flumen
572 2365 711 2444 gentibus
727 2364 858 2425 additum

252 2447 340 2508 Victis
355 2449 487 2509 minores
501 2450 617 2508 volvere
632 2450 756 2509 vertices

297 2529 438 2609 Intraque
454 2533 668 2611 praescriptum
686 2532 816 2592 Gelonos

348 2615 469 2695 Exiguis
485 2616 616 2693 equitare
632 2616 751 2694 campis.

585 2765 737 2778 ———--

646 2884 672 2944 x

251 3001 371 3065 Rectius
385 3003 472 3077 vives,
489 3003 593 3077 Licini,
611 3021 709 3082 neque
724 3005 815 3065 altum

252 3087 375 3168 Semper
391 3088 524 3168 urgendo
541 3107 648 3166 neque,
664 3091 732 3150 dum
750 3086 894 3169 procellas

252 3171 360 3235 Cautus
376 3174 532 3246 horrescis,
550 3173 673 3235 nimium
689 3173 853 3253 premendo

326 3258 408 3319 Litus
423 3258 569 3336 iniquum.

250 3377 376 3436 Auream
392 3376 526 3454 quisquis
540 3375 771 3435 mediocritatem

250 3460 357 3538 Diligit,
374 3470 455 3521 tutus
470 3469 549 3520 caret
565 3458 689 3520 obsoleti

251 3544 392 3606 Sordibus
407 3545 487 3618 tecti,
504 3551 583 3605 caret
598 3544 754 3605 invidenda

326 3629 450 3690 Sobrius
464 3629 540 3690 aula.

209 3878 272 3931 llo.
292 3881 307 3931 6
325 3878 413 3946 Diligit
433 3884 511 3944 tutus,
528 3880 615 3931 Bentl.
631 3879 635 3947 l
651 3879 776 3931 obsoletis
795 3882 831 3944 (o)
