<?xml version="1.0" encoding="UTF-8"?>
<!DOCTYPE html PUBLIC "-//W3C//DTD XHTML 1.0 Transitional//EN"
    "http://www.w3.org/TR/xhtml1/DTD/xhtml1-transitional.dtd">
<html xmlns="http://www.w3.org/1999/xhtml" xml:lang="en" lang="en">
 <head>
  <title>
</title>
<meta http-equiv="Content-Type" content="text/html;charset=utf-8" />
  <meta name='ocr-system' content='tesseract 3.04.00' />
  <meta name='ocr-capabilities' content='ocr_page ocr_carea ocr_par ocr_line ocrx_word'/>
</head>
<body>
  <div class='ocr_page' id='page_1' title='image "./qhoratiiflaccic01hertgoog_0126.png"; bbox 0 0 2640 4372; ppageno 0'>
   <div class='ocr_carea' id='block_1_1' title="bbox 533 196 765 253">
    <p class='ocr_par' dir='ltr' id='par_1_1' title="bbox 533 196 765 253">
     <span class='ocr_line' id='line_1_1' title="bbox 533 196 765 253; baseline 0.017 -5"><span class='ocrx_word' id='word_1_1' title='bbox 533 196 663 251; x_wconf 85' lang='lat' dir='ltr'><strong>EPODON</strong></span> <span class='ocrx_word' id='word_1_2' title='bbox 682 202 706 253; x_wconf 89' lang='lat'><strong>9.</strong></span> <span class='ocrx_word' id='word_1_3' title='bbox 726 203 765 252; x_wconf 88' lang='lat'><strong>10.</strong></span> 
     </span>
    </p>
   </div>
   <div class='ocr_carea' id='block_1_2' title="bbox 243 368 964 1552">
    <p class='ocr_par' dir='ltr' id='par_1_2' title="bbox 245 368 907 532">
     <span class='ocr_line' id='line_1_2' title="bbox 245 368 907 453; baseline 0.008 -25"><span class='ocrx_word' id='word_1_4' title='bbox 245 368 345 447; x_wconf 80' lang='lat' dir='ltr'>Neque</span> <span class='ocrx_word' id='word_1_5' title='bbox 368 368 497 428; x_wconf 78' lang='lat' dir='ltr'><strong>Africani</strong></span> <span class='ocrx_word' id='word_1_6' title='bbox 520 370 567 429; x_wconf 89' lang='lat' dir='ltr'><strong>cui</strong></span> <span class='ocrx_word' id='word_1_7' title='bbox 590 389 680 448; x_wconf 87' lang='lat' dir='ltr'><strong>super</strong></span> <span class='ocrx_word' id='word_1_8' title='bbox 703 371 907 453; x_wconf 78' lang='lat' dir='ltr'><strong>Carthaginem</strong></span> 
     </span>
     <span class='ocr_line' id='line_1_3' title="bbox 291 454 742 532; baseline 0.007 -20"><span class='ocrx_word' id='word_1_9' title='bbox 291 454 388 513; x_wconf 85' lang='lat' dir='ltr'><strong>Virtus</strong></span> <span class='ocrx_word' id='word_1_10' title='bbox 411 454 579 532; x_wconf 87' lang='lat' dir='ltr'><strong>sepulcrum</strong></span> <span class='ocrx_word' id='word_1_11' title='bbox 603 456 742 516; x_wconf 73' lang='lat' dir='ltr'>condidit.</span> 
     </span>
    </p>

    <p class='ocr_par' dir='ltr' id='par_1_3' title="bbox 247 537 856 702">
     <span class='ocr_line' id='line_1_4' title="bbox 247 537 856 621; baseline 0.013 -24"><span class='ocrx_word' id='word_1_12' title='bbox 247 537 336 599; x_wconf 79' lang='lat' dir='ltr'><strong>Terra</strong></span> <span class='ocrx_word' id='word_1_13' title='bbox 359 538 493 616; x_wconf 91' lang='lat' dir='ltr'><strong>marique</strong></span> <span class='ocrx_word' id='word_1_14' title='bbox 516 540 609 600; x_wconf 87' lang='lat' dir='ltr'><strong>victus</strong></span> <span class='ocrx_word' id='word_1_15' title='bbox 632 541 723 602; x_wconf 86' lang='lat' dir='ltr'><strong>hostis</strong></span> <span class='ocrx_word' id='word_1_16' title='bbox 745 545 856 621; x_wconf 86' lang='lat' dir='ltr'><strong>punico</strong></span> 
     </span>
     <span class='ocr_line' id='line_1_5' title="bbox 290 623 709 702; baseline 0.005 -19"><span class='ocrx_word' id='word_1_17' title='bbox 290 623 431 701; x_wconf 81' lang='lat' dir='ltr'>Lugubre</span> <span class='ocrx_word' id='word_1_18' title='bbox 453 625 575 683; x_wconf 91' lang='lat' dir='ltr'><strong>mutavit</strong></span> <span class='ocrx_word' id='word_1_19' title='bbox 596 643 709 702; x_wconf 84' lang='lat' dir='ltr'><strong>sagum,</strong></span> 
     </span>
    </p>

    <p class='ocr_par' dir='ltr' id='par_1_4' title="bbox 246 708 964 868">
     <span class='ocr_line' id='line_1_6' title="bbox 246 708 964 788; baseline 0.011 -21"><span class='ocrx_word' id='word_1_20' title='bbox 246 708 304 769; x_wconf 78' lang='lat' dir='ltr'><strong>Aut</strong></span> <span class='ocrx_word' id='word_1_21' title='bbox 325 709 373 768; x_wconf 90' lang='lat' dir='ltr'><strong>iiie</strong></span> <span class='ocrx_word' id='word_1_22' title='bbox 396 717 515 768; x_wconf 89' lang='lat' dir='ltr'><strong>eentum</strong></span> <span class='ocrx_word' id='word_1_23' title='bbox 540 708 668 769; x_wconf 90' lang='lat' dir='ltr'><strong>ncbiiem</strong></span> <span class='ocrx_word' id='word_1_24' title='bbox 693 712 806 773; x_wconf 81' lang='lat' dir='ltr'>Cretam</span> <span class='ocrx_word' id='word_1_25' title='bbox 831 713 964 788; x_wconf 85' lang='lat' dir='ltr'>urbibus,</span> 
     </span>
     <span class='ocr_line' id='line_1_7' title="bbox 289 792 688 868; baseline 0.01 -17"><span class='ocrx_word' id='word_1_26' title='bbox 289 792 391 854; x_wconf 89' lang='lat' dir='ltr'><strong>Ventis</strong></span> <span class='ocrx_word' id='word_1_27' title='bbox 414 793 510 854; x_wconf 91' lang='lat' dir='ltr'><strong>iturus</strong></span> <span class='ocrx_word' id='word_1_28' title='bbox 533 813 593 854; x_wconf 87' lang='lat' dir='ltr'><strong>non</strong></span> <span class='ocrx_word' id='word_1_29' title='bbox 617 796 688 868; x_wconf 89' lang='lat' dir='ltr'><strong>suis,</strong></span> 
     </span>
    </p>

    <p class='ocr_par' dir='ltr' id='par_1_5' title="bbox 247 876 810 1024">
     <span class='ocr_line' id='line_1_8' title="bbox 247 876 810 959; baseline 0.004 -22"><span class='ocrx_word' id='word_1_30' title='bbox 247 876 427 938; x_wconf 82' lang='lat' dir='ltr'><strong>Exercitatas</strong></span> <span class='ocrx_word' id='word_1_31' title='bbox 450 889 500 938; x_wconf 91' lang='lat' dir='ltr'><strong>aut</strong></span> <span class='ocrx_word' id='word_1_32' title='bbox 521 879 596 957; x_wconf 86' lang='lat' dir='ltr'><strong>petit</strong></span> <span class='ocrx_word' id='word_1_33' title='bbox 618 880 711 959; x_wconf 87' lang='lat' dir='ltr'><strong>Syrtis</strong></span> <span class='ocrx_word' id='word_1_34' title='bbox 734 880 810 939; x_wconf 87' lang='lat' dir='ltr'><strong>Noto</strong></span> 
     </span>
     <span class='ocr_line' id='line_1_9' title="bbox 282 962 770 1024; baseline 0.004 -2"><span class='ocrx_word' id='word_1_35' title='bbox 282 962 346 1024; x_wconf 73' lang='lat' dir='ltr'><strong>&#39;Aut</strong></span> <span class='ocrx_word' id='word_1_36' title='bbox 367 964 463 1023; x_wconf 80' lang='lat' dir='ltr'><strong>fertur</strong></span> <span class='ocrx_word' id='word_1_37' title='bbox 485 964 600 1024; x_wconf 86' lang='lat' dir='ltr'><strong>incerto</strong></span> <span class='ocrx_word' id='word_1_38' title='bbox 623 965 704 1024; x_wconf 91' lang='lat' dir='ltr'><strong>mari.</strong></span> <span class='ocrx_word' id='word_1_39' title='bbox 729 1001 770 1009; x_wconf 93' lang='lat'>-</span> 
     </span>
    </p>

    <p class='ocr_par' dir='ltr' id='par_1_6' title="bbox 245 1047 872 1194">
     <span class='ocr_line' id='line_1_10' title="bbox 245 1047 872 1129; baseline 0.005 -21"><span class='ocrx_word' id='word_1_40' title='bbox 245 1047 418 1127; x_wconf 87' lang='lat' dir='ltr'><strong>Capacicres</strong></span> <span class='ocrx_word' id='word_1_41' title='bbox 440 1047 523 1107; x_wconf 83' lang='lat' dir='ltr'><strong>adfer</strong></span> <span class='ocrx_word' id='word_1_42' title='bbox 546 1049 612 1119; x_wconf 78' lang='lat' dir='ltr'><strong>huc,</strong></span> <span class='ocrx_word' id='word_1_43' title='bbox 637 1068 720 1128; x_wconf 85' lang='lat' dir='ltr'><strong>puer,</strong></span> <span class='ocrx_word' id='word_1_44' title='bbox 744 1051 872 1129; x_wconf 78' lang='lat' dir='ltr'>scyphos</span> 
     </span>
     <span class='ocr_line' id='line_1_11' title="bbox 288 1132 708 1194; baseline -0.002 -1"><span class='ocrx_word' id='word_1_45' title='bbox 288 1132 325 1193; x_wconf 81' lang='lat' dir='ltr'><strong>Et</strong></span> <span class='ocrx_word' id='word_1_46' title='bbox 347 1133 416 1193; x_wconf 86' lang='lat' dir='ltr'><strong>Chia</strong></span> <span class='ocrx_word' id='word_1_47' title='bbox 439 1133 506 1193; x_wconf 86' lang='lat' dir='ltr'><strong>vina</strong></span> <span class='ocrx_word' id='word_1_48' title='bbox 530 1144 581 1194; x_wconf 91' lang='lat' dir='ltr'><strong>aut</strong></span> <span class='ocrx_word' id='word_1_49' title='bbox 603 1134 708 1194; x_wconf 91' lang='lat' dir='ltr'><strong>Lesbia</strong></span> 
     </span>
    </p>

    <p class='ocr_par' dir='ltr' id='par_1_7' title="bbox 246 1217 905 1364">
     <span class='ocr_line' id='line_1_12' title="bbox 246 1217 905 1296; baseline 0.008 -21"><span class='ocrx_word' id='word_1_50' title='bbox 246 1217 305 1289; x_wconf 85' lang='lat' dir='ltr'><strong>Vel,</strong></span> <span class='ocrx_word' id='word_1_51' title='bbox 329 1217 407 1296; x_wconf 88' lang='lat' dir='ltr'><strong>quod</strong></span> <span class='ocrx_word' id='word_1_52' title='bbox 430 1217 571 1278; x_wconf 86' lang='lat' dir='ltr'><strong>fluentem</strong></span> <span class='ocrx_word' id='word_1_53' title='bbox 598 1237 735 1280; x_wconf 91' lang='lat' dir='ltr'><strong>nauseam</strong></span> <span class='ocrx_word' id='word_1_54' title='bbox 759 1228 905 1293; x_wconf 88' lang='lat' dir='ltr'><strong>coerceat,</strong></span> 
     </span>
     <span class='ocr_line' id='line_1_13' title="bbox 290 1302 708 1364; baseline 0.005 -3"><span class='ocrx_word' id='word_1_55' title='bbox 290 1302 392 1363; x_wconf 85' lang='lat' dir='ltr'><strong>Metire</strong></span> <span class='ocrx_word' id='word_1_56' title='bbox 415 1302 502 1363; x_wconf 92' lang='lat' dir='ltr'><strong>nobis</strong></span> <span class='ocrx_word' id='word_1_57' title='bbox 526 1303 708 1364; x_wconf 82' lang='lat' dir='ltr'><strong>Caecubum:</strong></span> 
     </span>
    </p>

    <p class='ocr_par' dir='ltr' id='par_1_8' title="bbox 243 1385 922 1552">
     <span class='ocr_line' id='line_1_14' title="bbox 243 1385 922 1466; baseline 0.006 -20"><span class='ocrx_word' id='word_1_58' title='bbox 243 1385 351 1447; x_wconf 92' lang='lat' dir='ltr'><strong>Curam</strong></span> <span class='ocrx_word' id='word_1_59' title='bbox 374 1398 545 1466; x_wconf 90' lang='lat' dir='ltr'><strong>metumque</strong></span> <span class='ocrx_word' id='word_1_60' title='bbox 569 1389 698 1450; x_wconf 82' lang='lat' dir='ltr'><strong>Caesaris</strong></span> <span class='ocrx_word' id='word_1_61' title='bbox 722 1408 820 1448; x_wconf 89' lang='lat' dir='ltr'><strong>rerum</strong></span> <span class='ocrx_word' id='word_1_62' title='bbox 843 1390 922 1450; x_wconf 86' lang='lat' dir='ltr'><strong>iuvat</strong></span> 
     </span>
     <span class='ocr_line' id='line_1_15' title="bbox 286 1472 633 1552; baseline 0.003 -20"><span class='ocrx_word' id='word_1_63' title='bbox 286 1472 370 1532; x_wconf 86' lang='lat' dir='ltr'><strong>Dulci</strong></span> <span class='ocrx_word' id='word_1_64' title='bbox 393 1473 489 1552; x_wconf 79' lang='lat' dir='ltr'><strong>Lyaeo</strong></span> <span class='ocrx_word' id='word_1_65' title='bbox 512 1473 633 1533; x_wconf 85' lang='lat' dir='ltr'><strong>solvere.</strong></span> 
     </span>
    </p>
   </div>
   <div class='ocr_carea' id='block_1_3' title="bbox 578 1623 728 1634">
    <p class='ocr_par' dir='ltr' id='par_1_9' title="bbox 578 1623 728 1634">
     <span class='ocr_line' id='line_1_16' title="bbox 578 1623 728 1634; baseline 0.013 -2"><span class='ocrx_word' id='word_1_66' title='bbox 578 1623 728 1634; x_wconf 85' lang='lat'><strong>—-.</strong></span> 
     </span>
    </p>
   </div>
   <div class='ocr_carea' id='block_1_4' title="bbox 640 1726 666 1784">
    <p class='ocr_par' dir='ltr' id='par_1_10' title="bbox 640 1726 666 1784">
     <span class='ocr_line' id='line_1_17' title="bbox 640 1726 666 1784; baseline 0 0"><span class='ocrx_word' id='word_1_67' title='bbox 640 1726 666 1784; x_wconf 87' lang='lat' dir='ltr'>X</span> 
     </span>
    </p>
   </div>
   <div class='ocr_carea' id='block_1_5' title="bbox 151 1842 1144 3537">
    <p class='ocr_par' dir='ltr' id='par_1_11' title="bbox 245 1842 723 2003">
     <span class='ocr_line' id='line_1_18' title="bbox 245 1842 723 1918; baseline 0.002 -15"><span class='ocrx_word' id='word_1_68' title='bbox 245 1842 320 1904; x_wconf 89' lang='lat' dir='ltr'><strong>Mala</strong></span> <span class='ocrx_word' id='word_1_69' title='bbox 343 1844 437 1904; x_wconf 87' lang='lat' dir='ltr'><strong>soluta</strong></span> <span class='ocrx_word' id='word_1_70' title='bbox 463 1845 543 1905; x_wconf 88' lang='lat' dir='ltr'><strong>naris</strong></span> <span class='ocrx_word' id='word_1_71' title='bbox 567 1845 625 1904; x_wconf 81' lang='lat' dir='ltr'><strong>exit</strong></span> <span class='ocrx_word' id='word_1_72' title='bbox 647 1844 723 1918; x_wconf 86' lang='lat' dir='ltr'><strong>alite,</strong></span> 
     </span>
     <span class='ocr_line' id='line_1_19' title="bbox 290 1928 721 2003; baseline 0.002 -15"><span class='ocrx_word' id='word_1_73' title='bbox 290 1928 403 1990; x_wconf 85' lang='lat' dir='ltr'><strong>Ferens</strong></span> <span class='ocrx_word' id='word_1_74' title='bbox 426 1930 554 1990; x_wconf 85' lang='lat' dir='ltr'><strong>olentem</strong></span> <span class='ocrx_word' id='word_1_75' title='bbox 577 1929 721 2003; x_wconf 86' lang='lat' dir='ltr'><strong>Mevium;</strong></span> 
     </span>
    </p>

    <p class='ocr_par' dir='ltr' id='par_1_12' title="bbox 243 2012 871 2172">
     <span class='ocr_line' id='line_1_20' title="bbox 243 2012 871 2091; baseline 0.002 -16"><span class='ocrx_word' id='word_1_76' title='bbox 243 2012 283 2075; x_wconf 86' lang='lat' dir='ltr'><strong>Ut</strong></span> <span class='ocrx_word' id='word_1_77' title='bbox 303 2014 431 2075; x_wconf 89' lang='lat' dir='ltr'><strong>horridis</strong></span> <span class='ocrx_word' id='word_1_78' title='bbox 453 2025 613 2091; x_wconf 89' lang='lat' dir='ltr'><strong>utrumque</strong></span> <span class='ocrx_word' id='word_1_79' title='bbox 636 2015 773 2077; x_wconf 86' lang='lat' dir='ltr'><strong>verberes</strong></span> <span class='ocrx_word' id='word_1_80' title='bbox 796 2016 871 2076; x_wconf 85' lang='lat' dir='ltr'><strong>latus</strong></span> 
     </span>
     <span class='ocr_line' id='line_1_21' title="bbox 285 2099 757 2172; baseline 0.002 -13"><span class='ocrx_word' id='word_1_81' title='bbox 285 2099 401 2170; x_wconf 80' lang='lat' dir='ltr'><strong>Auster,</strong></span> <span class='ocrx_word' id='word_1_82' title='bbox 424 2109 583 2172; x_wconf 85' lang='lat' dir='ltr'><strong>memento,</strong></span> <span class='ocrx_word' id='word_1_83' title='bbox 607 2101 757 2162; x_wconf 86' lang='lat' dir='ltr'><strong>fluctibus:</strong></span> 
     </span>
    </p>

    <p class='ocr_par' dir='ltr' id='par_1_13' title="bbox 243 2184 843 2348">
     <span class='ocr_line' id='line_1_22' title="bbox 243 2184 843 2263; baseline 0.002 -19"><span class='ocrx_word' id='word_1_84' title='bbox 243 2184 333 2263; x_wconf 81' lang='lat' dir='ltr'><strong>Niger</strong></span> <span class='ocrx_word' id='word_1_85' title='bbox 355 2184 489 2245; x_wconf 89' lang='lat' dir='ltr'><strong>rudentis</strong></span> <span class='ocrx_word' id='word_1_86' title='bbox 511 2184 608 2246; x_wconf 85' lang='lat' dir='ltr'><strong>Eurus</strong></span> <span class='ocrx_word' id='word_1_87' title='bbox 631 2186 747 2247; x_wconf 87' lang='lat' dir='ltr'><strong>inverse</strong></span> <span class='ocrx_word' id='word_1_88' title='bbox 771 2187 843 2247; x_wconf 91' lang='lat' dir='ltr'><strong>mari</strong></span> 
     </span>
     <span class='ocr_line' id='line_1_23' title="bbox 288 2268 735 2348; baseline 0.004 -19"><span class='ocrx_word' id='word_1_89' title='bbox 288 2268 467 2348; x_wconf 80' lang='lat' dir='ltr'><strong>Fractusque</strong></span> <span class='ocrx_word' id='word_1_90' title='bbox 490 2288 587 2330; x_wconf 88' lang='lat' dir='ltr'><strong>remes</strong></span> <span class='ocrx_word' id='word_1_91' title='bbox 611 2271 735 2343; x_wconf 78' lang='lat' dir='ltr'><strong>differat,</strong></span> 
     </span>
    </p>

    <p class='ocr_par' dir='ltr' id='par_1_14' title="bbox 241 2353 930 2518">
     <span class='ocr_line' id='line_1_24' title="bbox 241 2353 930 2433; baseline 0 -19"><span class='ocrx_word' id='word_1_92' title='bbox 241 2353 379 2432; x_wconf 83' lang='lat' dir='ltr'><strong>insurgat</strong></span> <span class='ocrx_word' id='word_1_93' title='bbox 401 2355 516 2433; x_wconf 80' lang='lat' dir='ltr'><strong>Aquilo,</strong></span> <span class='ocrx_word' id='word_1_94' title='bbox 540 2364 668 2433; x_wconf 89' lang='lat' dir='ltr'><strong>quantus</strong></span> <span class='ocrx_word' id='word_1_95' title='bbox 691 2356 756 2416; x_wconf 87' lang='lat' dir='ltr'><strong>aitis</strong></span> <span class='ocrx_word' id='word_1_96' title='bbox 779 2354 930 2415; x_wconf 87' lang='lat' dir='ltr'><strong>montibus</strong></span> 
     </span>
     <span class='ocr_line' id='line_1_25' title="bbox 283 2439 692 2518; baseline 0.002 -19"><span class='ocrx_word' id='word_1_97' title='bbox 283 2439 404 2518; x_wconf 83' lang='lat' dir='ltr'><strong>Frangit</strong></span> <span class='ocrx_word' id='word_1_98' title='bbox 426 2441 581 2501; x_wconf 87' lang='lat' dir='ltr'><strong>trementis</strong></span> <span class='ocrx_word' id='word_1_99' title='bbox 603 2441 692 2511; x_wconf 76' lang='lat' dir='ltr'><strong>ilices,</strong></span> 
     </span>
    </p>

    <p class='ocr_par' dir='ltr' id='par_1_15' title="bbox 240 2523 915 2681">
     <span class='ocr_line' id='line_1_26' title="bbox 240 2523 915 2602; baseline -0.003 -18"><span class='ocrx_word' id='word_1_100' title='bbox 240 2525 301 2585; x_wconf 87' lang='lat' dir='ltr'><strong>Nec</strong></span> <span class='ocrx_word' id='word_1_101' title='bbox 322 2523 402 2584; x_wconf 90' lang='lat' dir='ltr'><strong>sidus</strong></span> <span class='ocrx_word' id='word_1_102' title='bbox 424 2535 486 2585; x_wconf 81' lang='lat' dir='ltr'><strong>atra</strong></span> <span class='ocrx_word' id='word_1_103' title='bbox 511 2536 597 2585; x_wconf 86' lang='lat' dir='ltr'><strong>nnete</strong></span> <span class='ocrx_word' id='word_1_104' title='bbox 620 2526 745 2584; x_wconf 90' lang='lat' dir='ltr'><strong>amicum</strong></span> <span class='ocrx_word' id='word_1_105' title='bbox 769 2526 915 2602; x_wconf 84' lang='lat' dir='ltr'><strong>adpareat,</strong></span> 
     </span>
     <span class='ocr_line' id='line_1_27' title="bbox 284 2608 690 2681; baseline -0.002 -12"><span class='ocrx_word' id='word_1_106' title='bbox 284 2608 348 2679; x_wconf 83' lang='lat' dir='ltr'><strong>Qua</strong></span> <span class='ocrx_word' id='word_1_107' title='bbox 370 2610 462 2670; x_wconf 92' lang='lat' dir='ltr'><strong>tristis</strong></span> <span class='ocrx_word' id='word_1_108' title='bbox 485 2609 578 2671; x_wconf 88' lang='lat' dir='ltr'><strong>Orion</strong></span> <span class='ocrx_word' id='word_1_109' title='bbox 604 2610 690 2681; x_wconf 85' lang='lat' dir='ltr'><strong>cadit,</strong></span> 
     </span>
    </p>

    <p class='ocr_par' dir='ltr' id='par_1_16' title="bbox 151 2686 759 2772">
     <span class='ocr_line' id='line_1_28' title="bbox 151 2686 759 2772; baseline -0.003 -17"><span class='ocrx_word' id='word_1_110' title='bbox 151 2686 155 2693; x_wconf 66' lang='grc'><strong>’</strong></span> <span class='ocrx_word' id='word_1_111' title='bbox 242 2694 395 2764; x_wconf 85' lang='lat' dir='ltr'><strong>Quietiora</strong></span> <span class='ocrx_word' id='word_1_112' title='bbox 419 2713 474 2755; x_wconf 90' lang='lat' dir='ltr'><strong>nec</strong></span> <span class='ocrx_word' id='word_1_113' title='bbox 496 2695 608 2755; x_wconf 86' lang='lat' dir='ltr'><strong>seratur</strong></span> <span class='ocrx_word' id='word_1_114' title='bbox 631 2712 759 2772; x_wconf 86' lang='lat' dir='ltr'><strong>aequore</strong></span> 
     </span>
    </p>

    <p class='ocr_par' dir='ltr' id='par_1_17' title="bbox 285 2778 792 2849">
     <span class='ocr_line' id='line_1_29' title="bbox 285 2778 792 2849; baseline -0.002 -10"><span class='ocrx_word' id='word_1_115' title='bbox 285 2778 378 2849; x_wconf 83' lang='lat' dir='ltr'><strong>Quam</strong></span> <span class='ocrx_word' id='word_1_116' title='bbox 402 2779 486 2840; x_wconf 86' lang='lat' dir='ltr'><strong>Graia</strong></span> <span class='ocrx_word' id='word_1_117' title='bbox 510 2780 652 2840; x_wconf 86' lang='lat' dir='ltr'><strong>victorum</strong></span> <span class='ocrx_word' id='word_1_118' title='bbox 678 2797 792 2849; x_wconf 85' lang='lat' dir='ltr'><strong>manus,</strong></span> 
     </span>
    </p>

    <p class='ocr_par' dir='ltr' id='par_1_18' title="bbox 240 2861 860 3029">
     <span class='ocr_line' id='line_1_30' title="bbox 240 2861 860 2925; baseline -0.006 -1"><span class='ocrx_word' id='word_1_119' title='bbox 240 2863 312 2924; x_wconf 91' lang='lat' dir='ltr'><strong>Cum</strong></span> <span class='ocrx_word' id='word_1_120' title='bbox 336 2863 430 2925; x_wconf 85' lang='lat' dir='ltr'><strong>Pallas</strong></span> <span class='ocrx_word' id='word_1_121' title='bbox 452 2873 519 2925; x_wconf 88' lang='lat' dir='ltr'><strong>uste</strong></span> <span class='ocrx_word' id='word_1_122' title='bbox 542 2865 630 2924; x_wconf 89' lang='lat' dir='ltr'><strong>vertit</strong></span> <span class='ocrx_word' id='word_1_123' title='bbox 651 2865 723 2924; x_wconf 94' lang='lat' dir='ltr'><strong>iram</strong></span> <span class='ocrx_word' id='word_1_124' title='bbox 748 2862 784 2922; x_wconf 91' lang='lat' dir='ltr'><strong>ab</strong></span> <span class='ocrx_word' id='word_1_125' title='bbox 808 2861 860 2920; x_wconf 87' lang='lat' dir='ltr'><strong>iiie</strong></span> 
     </span>
     <span class='ocr_line' id='line_1_31' title="bbox 285 2947 770 3029; baseline 0.002 -21"><span class='ocrx_word' id='word_1_126' title='bbox 285 2947 319 3008; x_wconf 93' lang='lat' dir='ltr'><strong>ln</strong></span> <span class='ocrx_word' id='word_1_127' title='bbox 344 2949 460 3029; x_wconf 87' lang='lat' dir='ltr'><strong>impiam</strong></span> <span class='ocrx_word' id='word_1_128' title='bbox 485 2950 580 3010; x_wconf 83' lang='lat' dir='ltr'><strong>Aiacis</strong></span> <span class='ocrx_word' id='word_1_129' title='bbox 603 2959 705 3010; x_wconf 91' lang='lat' dir='ltr'><strong>ratem.</strong></span> <span class='ocrx_word' id='word_1_130' title='bbox 729 2983 770 2993; x_wconf 92' lang='lat'><em>-</em></span> 
     </span>
    </p>

    <p class='ocr_par' dir='ltr' id='par_1_19' title="bbox 241 3031 849 3199">
     <span class='ocr_line' id='line_1_32' title="bbox 241 3031 849 3111; baseline -0.003 -18"><span class='ocrx_word' id='word_1_131' title='bbox 241 3031 265 3093; x_wconf 90' lang='lat'>0</span> <span class='ocrx_word' id='word_1_132' title='bbox 290 3044 418 3111; x_wconf 86' lang='lat' dir='ltr'><strong>quantus</strong></span> <span class='ocrx_word' id='word_1_133' title='bbox 440 3035 530 3094; x_wconf 91' lang='lat' dir='ltr'><strong>instat</strong></span> <span class='ocrx_word' id='word_1_134' title='bbox 552 3034 655 3095; x_wconf 75' lang='lat' dir='ltr'><strong>nautis</strong></span> <span class='ocrx_word' id='word_1_135' title='bbox 678 3036 770 3096; x_wconf 88' lang='lat' dir='ltr'><strong>sudor</strong></span> <span class='ocrx_word' id='word_1_136' title='bbox 792 3032 849 3092; x_wconf 88' lang='lat' dir='ltr'><strong>tuis</strong></span> 
     </span>
     <span class='ocr_line' id='line_1_33' title="bbox 284 3117 645 3199; baseline 0.008 -22"><span class='ocrx_word' id='word_1_137' title='bbox 284 3117 410 3197; x_wconf 88' lang='lat' dir='ltr'><strong>Tibique</strong></span> <span class='ocrx_word' id='word_1_138' title='bbox 432 3119 527 3199; x_wconf 85' lang='lat' dir='ltr'><strong>pallor</strong></span> <span class='ocrx_word' id='word_1_139' title='bbox 549 3118 645 3180; x_wconf 89' lang='lat' dir='ltr'><strong>luteus</strong></span> 
     </span>
    </p>

    <p class='ocr_par' dir='ltr' id='par_1_20' title="bbox 241 3200 788 3360">
     <span class='ocr_line' id='line_1_34' title="bbox 241 3200 695 3276; baseline 0.004 -15"><span class='ocrx_word' id='word_1_140' title='bbox 241 3200 279 3261; x_wconf 85' lang='lat' dir='ltr'><strong>Et</strong></span> <span class='ocrx_word' id='word_1_141' title='bbox 300 3203 346 3263; x_wconf 88' lang='lat' dir='ltr'><strong>ilia</strong></span> <span class='ocrx_word' id='word_1_142' title='bbox 370 3223 431 3264; x_wconf 93' lang='lat' dir='ltr'><strong>non</strong></span> <span class='ocrx_word' id='word_1_143' title='bbox 455 3204 545 3264; x_wconf 89' lang='lat' dir='ltr'><strong>virilis</strong></span> <span class='ocrx_word' id='word_1_144' title='bbox 568 3204 695 3276; x_wconf 74' lang='lat' dir='ltr'><strong>mulatio,</strong></span> 
     </span>
     <span class='ocr_line' id='line_1_35' title="bbox 282 3287 788 3360; baseline 0 -11"><span class='ocrx_word' id='word_1_145' title='bbox 282 3287 391 3349; x_wconf 89' lang='lat' dir='ltr'><strong>Preces</strong></span> <span class='ocrx_word' id='word_1_146' title='bbox 413 3296 443 3348; x_wconf 89' lang='lat' dir='ltr'><strong>et</strong></span> <span class='ocrx_word' id='word_1_147' title='bbox 465 3306 598 3349; x_wconf 87' lang='lat' dir='ltr'><strong>aversum</strong></span> <span class='ocrx_word' id='word_1_148' title='bbox 622 3289 656 3348; x_wconf 91' lang='lat' dir='ltr'><strong>ad</strong></span> <span class='ocrx_word' id='word_1_149' title='bbox 680 3288 788 3360; x_wconf 86' lang='lat' dir='ltr'><strong>iorem,</strong></span> 
     </span>
    </p>

    <p class='ocr_par' dir='ltr' id='par_1_21' title="bbox 241 3370 1144 3537">
     <span class='ocr_line' id='line_1_36' title="bbox 241 3370 815 3451; baseline 0 -20"><span class='ocrx_word' id='word_1_150' title='bbox 241 3370 343 3434; x_wconf 85' lang='lat' dir='ltr'><strong>ionius</strong></span> <span class='ocrx_word' id='word_1_151' title='bbox 366 3374 423 3433; x_wconf 89' lang='lat' dir='ltr'><strong>udo</strong></span> <span class='ocrx_word' id='word_1_152' title='bbox 448 3392 515 3433; x_wconf 91' lang='lat' dir='ltr'><strong>cum</strong></span> <span class='ocrx_word' id='word_1_153' title='bbox 539 3375 708 3451; x_wconf 86' lang='lat' dir='ltr'><strong>remugiens</strong></span> <span class='ocrx_word' id='word_1_154' title='bbox 730 3373 815 3434; x_wconf 93' lang='lat' dir='ltr'><strong>sinus</strong></span> 
     </span>
     <span class='ocr_line' id='line_1_37' title="bbox 282 3456 1144 3537; baseline 0 -19"><span class='ocrx_word' id='word_1_155' title='bbox 282 3459 358 3518; x_wconf 86' lang='lat' dir='ltr'><strong>Note</strong></span> <span class='ocrx_word' id='word_1_156' title='bbox 381 3459 511 3518; x_wconf 87' lang='lat' dir='ltr'><strong>carinam</strong></span> <span class='ocrx_word' id='word_1_157' title='bbox 534 3459 665 3537; x_wconf 75' lang='lat' dir='ltr'><strong>ruperit!</strong></span> <span class='ocrx_word' id='word_1_158' title='bbox 1115 3456 1144 3506; x_wconf 80' lang='lat'><strong>2⁰</strong></span> 
     </span>
    </p>
   </div>
   <div class='ocr_carea' id='block_1_6' title="bbox 114 3556 317 3572">
    <p class='ocr_par' dir='ltr' id='par_1_22' title="bbox 114 3556 317 3572">
     <span class='ocr_line' id='line_1_38' title="bbox 114 3556 317 3572; baseline -0.01 -4"><span class='ocrx_word' id='word_1_159' title='bbox 114 3556 317 3572; x_wconf 38' lang='lat'><strong>*-</strong></span> 
     </span>
    </p>
   </div>
   <div class='ocr_carea' id='block_1_7' title="bbox 110 3599 1187 3740">
    <p class='ocr_par' dir='ltr' id='par_1_23' title="bbox 110 3599 1187 3740">
     <span class='ocr_line' id='line_1_39' title="bbox 194 3599 1186 3672; baseline -0.007 -15"><span class='ocrx_word' id='word_1_160' title='bbox 194 3605 229 3657; x_wconf 83' lang='lat' dir='ltr'><strong>IX</strong></span> <span class='ocrx_word' id='word_1_161' title='bbox 247 3623 271 3659; x_wconf 84' lang='lat' dir='ltr'><strong>a.</strong></span> <span class='ocrx_word' id='word_1_162' title='bbox 290 3609 321 3660; x_wconf 83' lang='lat'><strong>25</strong></span> <span class='ocrx_word' id='word_1_163' title='bbox 336 3608 446 3660; x_wconf 79' lang='lat' dir='ltr'><strong>Africani</strong></span> <span class='ocrx_word' id='word_1_164' title='bbox 473 3609 523 3670; x_wconf 90' lang='lat' dir='ltr'><strong>eui]</strong></span> <span class='ocrx_word' id='word_1_165' title='bbox 542 3608 696 3672; x_wconf 67' lang='lat' dir='ltr'><strong>Madvigurm</strong></span> <span class='ocrx_word' id='word_1_166' title='bbox 718 3608 777 3658; x_wconf 84' lang='lat' dir='ltr'><strong>adn.</strong></span> <span class='ocrx_word' id='word_1_167' title='bbox 797 3608 856 3656; x_wconf 83' lang='lat' dir='ltr'><strong>erit.</strong></span> <span class='ocrx_word' id='word_1_168' title='bbox 875 3604 894 3655; x_wconf 91' lang='lat' dir='ltr'><strong>il</strong></span> <span class='ocrx_word' id='word_1_169' title='bbox 913 3607 957 3656; x_wconf 75' lang='lat' dir='ltr'><strong>ii:</strong></span> <span class='ocrx_word' id='word_1_170' title='bbox 983 3599 1119 3650; x_wconf 78' lang='lat' dir='ltr'><strong>africanum</strong></span> <span class='ocrx_word' id='word_1_171' title='bbox 1146 3601 1186 3650; x_wconf 87' lang='lat' dir='ltr'><strong>cui</strong></span> 
     </span>
     <span class='ocr_line' id='line_1_40' title="bbox 110 3667 1187 3740; baseline -0.006 -15"><span class='ocrx_word' id='word_1_172' title='bbox 110 3675 269 3727; x_wconf 72' lang='lat' dir='ltr'><strong>oratricem</strong></span> <span class='ocrx_word' id='word_1_173' title='bbox 289 3678 327 3728; x_wconf 88' lang='lat' dir='ltr'><strong>cui</strong></span> <span class='ocrx_word' id='word_1_174' title='bbox 348 3678 412 3727; x_wconf 76' lang='lat' dir='ltr'><strong>tien·</strong></span> <span class='ocrx_word' id='word_1_175' title='bbox 429 3677 589 3740; x_wconf 77' lang='lat' dir='ltr'><strong>Africanam,</strong></span> <span class='ocrx_word' id='word_1_176' title='bbox 609 3677 648 3726; x_wconf 93' lang='lat' dir='ltr'><strong>cui</strong></span> <span class='ocrx_word' id='word_1_177' title='bbox 666 3676 793 3726; x_wconf 75' lang='lat' dir='ltr'><strong>Fallimur</strong></span> <span class='ocrx_word' id='word_1_178' title='bbox 812 3676 828 3724; x_wconf 85' lang='lat' dir='ltr'><strong>l.</strong></span> <span class='ocrx_word' id='word_1_179' title='bbox 847 3673 863 3727; x_wconf 84' lang='lat' dir='ltr'><strong>l.</strong></span> <span class='ocrx_word' id='word_1_180' title='bbox 880 3689 906 3738; x_wconf 82' lang='lat' dir='ltr'><strong>p.</strong></span> <span class='ocrx_word' id='word_1_181' title='bbox 926 3673 974 3723; x_wconf 82' lang='grc'><strong>625</strong></span> <span class='ocrx_word' id='word_1_182' title='bbox 999 3667 1003 3733; x_wconf 77' lang='lat' dir='ltr'>l</span> <span class='ocrx_word' id='word_1_183' title='bbox 1028 3668 1059 3718; x_wconf 81' lang='lat'><strong>28</strong></span> <span class='ocrx_word' id='word_1_184' title='bbox 1077 3667 1187 3718; x_wconf 82' lang='lat' dir='ltr'><strong>mutabit</strong></span> 
     </span>
    </p>
   </div>
   <div class='ocr_carea' id='block_1_8' title="bbox 109 3743 1186 3875">
    <p class='ocr_par' dir='ltr' id='par_1_24' title="bbox 109 3743 1186 3875">
     <span class='ocr_line' id='line_1_41' title="bbox 109 3743 556 3797; baseline -0.004 0"><span class='ocrx_word' id='word_1_185' title='bbox 109 3743 300 3797; x_wconf 65' lang='lat' dir='ltr'><strong>heumannus</strong></span> <span class='ocrx_word' id='word_1_186' title='bbox 318 3745 354 3796; x_wconf 86' lang='lat' dir='ltr'><strong>ad</strong></span> <span class='ocrx_word' id='word_1_187' title='bbox 371 3745 450 3795; x_wconf 67' lang='lat' dir='ltr'><strong>Luce.</strong></span> <span class='ocrx_word' id='word_1_188' title='bbox 469 3744 488 3794; x_wconf 93' lang='lat' dir='ltr'><strong>ll</strong></span> <span class='ocrx_word' id='word_1_189' title='bbox 508 3746 556 3796; x_wconf 85' lang='grc'><strong>829</strong></span> 
     </span>
     <span class='ocr_line' id='line_1_42' title="bbox 199 3804 1186 3875; baseline -0.007 -14"><span class='ocrx_word' id='word_1_190' title='bbox 199 3810 262 3863; x_wconf 85' lang='grc' dir='ltr'><strong>Χυ.</strong></span> <span class='ocrx_word' id='word_1_191' title='bbox 285 3815 313 3866; x_wconf 86' lang='grc'><strong>13</strong></span> <span class='ocrx_word' id='word_1_192' title='bbox 338 3819 394 3864; x_wconf 90' lang='lat' dir='ltr'><strong>usta</strong></span> <span class='ocrx_word' id='word_1_193' title='bbox 412 3813 601 3863; x_wconf 77' lang='lat' dir='ltr'><strong>Lachmanmas</strong></span> <span class='ocrx_word' id='word_1_194' title='bbox 624 3811 639 3861; x_wconf 85' lang='lat' dir='ltr'><strong>l.</strong></span> <span class='ocrx_word' id='word_1_195' title='bbox 663 3810 715 3861; x_wconf 73' lang='lat' dir='ltr'><strong>ai</strong></span> <span class='ocrx_word' id='word_1_196' title='bbox 743 3812 782 3874; x_wconf 88' lang='lat'><strong>10,</strong></span> <span class='ocrx_word' id='word_1_197' title='bbox 802 3812 833 3862; x_wconf 80' lang='lat'><strong>14</strong></span> <span class='ocrx_word' id='word_1_198' title='bbox 851 3808 867 3859; x_wconf 85' lang='lat' dir='ltr'><strong>l.</strong></span> <span class='ocrx_word' id='word_1_199' title='bbox 895 3805 899 3875; x_wconf 88' lang='grc' dir='ltr'>Ι</span> <span class='ocrx_word' id='word_1_200' title='bbox 928 3809 1001 3870; x_wconf 80' lang='lat' dir='ltr'><strong>19sq.</strong></span> <span class='ocrx_word' id='word_1_201' title='bbox 1028 3804 1084 3856; x_wconf 91' lang='lat' dir='ltr'><strong>sinu</strong></span> <span class='ocrx_word' id='word_1_202' title='bbox 1109 3807 1186 3855; x_wconf 87' lang='lat' dir='ltr'><strong>notus</strong></span> 
     </span>
    </p>
   </div>
   <div class='ocr_carea' id='block_1_9' title="bbox 108 3881 981 4015">
    <p class='ocr_par' dir='ltr' id='par_1_25' title="bbox 108 3881 981 4015">
     <span class='ocr_line' id='line_1_43' title="bbox 108 3881 223 3945; baseline -0.009 0"><span class='ocrx_word' id='word_1_203' title='bbox 108 3882 155 3945; x_wconf 82' lang='lat' dir='ltr'><strong>t=</strong></span> <span class='ocrx_word' id='word_1_204' title='bbox 170 3881 223 3944; x_wconf 65' lang='lat' dir='ltr'><strong>aot</strong></span> 
     </span>
     <span class='ocr_line' id='line_1_44' title="bbox 139 3959 981 4015; baseline -0.006 0"><span class='ocrx_word' id='word_1_205' title='bbox 139 3986 146 4001; x_wconf 88' lang='lat'><strong>·</strong></span> <span class='ocrx_word' id='word_1_206' title='bbox 161 3972 278 4015; x_wconf 76' lang='lat' dir='ltr'><strong>nonum.</strong></span> <span class='ocrx_word' id='word_1_207' title='bbox 967 3959 981 4010; x_wconf 83' lang='grc'><strong>8</strong></span> 
     </span>
    </p>
   </div>
   <div class='ocr_carea' id='block_1_10' title="bbox 0 0 1324 4372">
    <p class='ocr_par' dir='ltr' id='par_1_26' title="bbox 0 0 1324 4372">
     <span class='ocr_line' id='line_1_45' title="bbox 0 0 1324 4372; baseline 0 1"><span class='ocrx_word' id='word_1_208' title='bbox 0 0 1324 4372; x_wconf 95' lang='lat' dir='ltr'><strong> </strong></span> 
     </span>
    </p>
   </div>
  </div>
 </body>
</html>
