2640 4372
514 219 685 274 GARMlNUM
703 223 734 275 lll
752 228 775 277 9.
796 229 834 278 10.

263 380 324 447 ‘lle
347 399 441 450 torret
464 392 526 450 lace
549 400 649 452 mutua

316 472 440 534 Thurini
466 475 558 536 Calais
580 478 657 538 filius
680 479 796 558 Ornyti,

193 566 221 616 15
264 557 321 617 Pro
345 577 403 636 quo
427 559 472 619 bis
495 562 588 638 patiar
610 562 693 635 mori,

312 642 343 702 Si
366 655 489 721 parcent
512 665 605 723 puero
628 649 685 707 lata
708 641 876 726 superstiti.²

261 752 352 830 ‘Quid
375 763 399 822 si
422 763 519 840 prisca
542 765 618 824 redit
640 765 739 827 Venus

310 846 512 926 Diductosque
537 849 605 927 iugo
628 852 707 929 cogit
729 869 832 925 aeneo,
896 906 905 921 ,

263 932 293 992 Si
315 932 387 991 tlara
410 935 558 993 excutitur
580 934 670 995 Chloe

191 1025 221 1076 20
306 1016 502 1095 Reiectaeque
527 1029 606 1096 patet
628 1021 715 1079 ianua
738 1012 879 1100 Lydiae‘l'

239 1125 463 1218 '‘Quamquam
487 1137 582 1196 sidere
604 1138 758 1215 pulchrior

309 1219 361 1279 llle
384 1230 436 1293 est,
460 1231 493 1280 tu
516 1222 607 1282 levior
628 1222 739 1282 cortice
762 1231 791 1282 ct
812 1224 947 1303 improbo

264 1302 438 1364 Iracundior
461 1306 584 1366 Hadria:
787 1325 789 1328 ’

309 1388 419 1448 Tecum
443 1390 538 1451 vivere
562 1409 666 1466 amem,
689 1399 787 1452 tecum
811 1393 914 1454 obeam
937 1388 1061 1456 libensl’

653 1644 687 1704 X.

259 1760 430 1823 Extremum
455 1763 566 1823 Tanain
590 1764 615 1822 si
637 1761 764 1834 biberes,
786 1763 874 1843 Lyce,

260 1846 351 1907 Saevo
377 1858 466 1925 nupta
490 1848 562 1921 viro,
587 1866 633 1906 me
656 1857 753 1907 tamen
778 1866 896 1926 asperas

307 1931 479 1992 Porrectum
502 1941 570 1991 anta
593 1933 672 1991 fores
694 1931 813 1991 obicere
835 1933 940 1994 incolis

356 2017 491 2076 Plorares
514 2014 719 2094 Aquilonibus.

200 2144 214 2193 5
257 2133 357 2206 Audis,
381 2154 440 2213 quo
463 2134 589 2212 strepitu
611 2133 708 2203 ianua,
732 2151 790 2209 quo
816 2151 920 2193 nemus

260 2218 341 2277 lnter
363 2219 485 2297 pulchra
510 2227 605 2278 satum
628 2226 705 2277 tecta
728 2217 872 2293 remugiat

307 2302 408 2364 Ventis
431 2313 460 2364 et
483 2303 592 2383 positas
614 2313 648 2363 ut
669 2302 775 2381 glaciet
798 2302 871 2362 nivis

356 2389 434 2449 Puro
459 2389 581 2448 numine
603 2384 758 2466 luppiter?

257 2505 405 2585 lngratam
428 2508 534 2567 Veneri
558 2524 637 2585 pone
659 2505 837 2583 superbiam,

185 2599 213 2651 10
255 2592 298 2651 Ne
321 2602 460 2653 currente
483 2602 563 2652 retro
586 2591 665 2651 lunis
688 2598 734 2650 eat
756 2598 836 2661 ruta;

297 2677 362 2737 Non
386 2687 415 2737 te
439 2678 607 2755 Penelopen
631 2675 779 2736 difficilem
803 2674 900 2753 procis

373 2763 544 2842 Tyrrhenus
567 2761 670 2838 genuit
690 2778 807 2838 parens.

256 2878 280 2940 Ο
305 2882 434 2958 quamvis
459 2899 557 2958 neque
579 2887 607 2937 te
630 2896 753 2937 munera
777 2895 832 2936 nec
856 2896 959 2955 preces

254 2964 315 3024 Nec
337 2966 448 3025 tinctus
470 2964 545 3023 viola
568 2962 662 3041 pallor
684 2961 847 3021 amantium

185 3058 212 3108 15
298 3049 358 3108 Nec
381 3050 424 3107 vir
447 3049 540 3108 Pieria
564 3047 675 3125 paelice
697 3046 814 3106 saucius

353 3132 468 3205 Currat,
491 3131 674 3211 supplicibus
696 3131 755 3191 tuis

253 3251 369 3323 Parcas,
393 3270 448 3311 nec
471 3250 563 3329 rigida
586 3249 702 3309 mollior
723 3249 840 3309 aesculo

253 3337 314 3396 Nec
337 3338 444 3397 Mauris
466 3337 596 3396 animum
619 3334 719 3394 mitior
740 3334 900 3412 anguibus:

300 3423 365 3482 Non
389 3423 446 3481 hoc
468 3440 585 3499 semper
607 3421 662 3480 erit
683 3419 791 3479 liminis
813 3427 863 3479 aut
884 3436 976 3495 aquae

182 3517 211 3566 20
353 3506 490 3567 Caelestis
512 3507 626 3584 patiens
649 3506 732 3565 latus.

208 3691 240 3742 lx
260 3706 282 3740 c.
302 3693 331 3742 21
353 3690 469 3756 quamuis
487 3691 522 3752 (o)
538 3690 541 3754 Ι
558 3688 649 3739 clarior
666 3685 711 3750 (cs.
729 3687 759 3738 lll
780 3691 801 3749 t,
820 3689 861 3751 42)
880 3688 977 3750 Porplt.

209 3760 231 3810 ll
249 3776 273 3809 o.
292 3761 308 3810 6
325 3759 402 3808 situm
421 3758 482 3821 bsq.
502 3755 644 3819 remugiat?
669 3754 755 3806 Sentis
767 3755 852 3805 aanor.
868 3754 871 3819 Ι
888 3757 903 3806 8
921 3755 983 3804 duro
997 3751 1081 3802 uenat.
1099 3753 1102 3816 Ι
1121 3754 1153 3803 14
1166 3757 1193 3804 et

123 3827 232 3879 Servius
250 3827 287 3878 nd
304 3828 334 3879 V.
353 3827 399 3877 acl.
420 3827 443 3888 2,
461 3827 493 3876 47
510 3828 514 3890 l
532 3827 562 3877 18
582 3823 664 3873 animo
683 3825 719 3885 (o)
