2640 4372
122 191 163 250 50
508 193 680 246 CARMINUM
699 195 728 247 iil
749 201 769 248 1.
789 199 812 248 2.

179 380 207 429 25
252 367 471 428 Desiderantem
489 367 566 445 quod
582 367 652 428 satis
668 377 712 427 est
728 386 825 446 neque

250 452 476 513 Tumultuosum
493 451 629 512 sollicitat
645 471 723 512 mare

299 538 359 597 Nec
374 555 475 597 saevus
490 537 607 596 Arcturi
624 538 755 597 cadentis

349 622 480 700 Impetus
495 630 546 682 aut
562 622 685 682 orientis
701 621 802 695 Haedi,

252 743 318 802 Non
334 740 502 800 verberatae
518 740 662 818 grandine
677 740 780 799 vineae

179 839 208 889 to
252 826 432 903 Fundusque
448 825 582 896 mendax,
598 825 704 884 arbore
720 843 801 884 nunc
817 842 906 902 aquas

300 911 452 988 culpante,
471 928 552 969 nunc
567 909 709 969 torrentia
726 927 812 985 agros

350 995 462 1067 Sidera,
480 1013 560 1054 nuno
576 993 687 1054 hiemes
702 994 827 1072 iniquas.

253 1115 407 1175 Contracta
424 1113 520 1191 pisces
534 1129 662 1189 aequora
678 1112 812 1172 sentiunt

254 1199 339 1260 lactis
354 1199 384 1258 in
402 1198 490 1257 altum
508 1196 648 1257 molibus:
665 1197 723 1256 huc
738 1198 878 1274 frequens

180 1297 209 1346 35
295 1283 451 1345 Caementa
467 1282 593 1342 demittit
608 1281 778 1360 redemptor

351 1369 422 1428 Cum
439 1365 555 1427 famulis
572 1367 770 1443 dominusque
785 1376 881 1426 terrae

253 1486 449 1558 Fastidiosus;
465 1485 516 1546 sed
532 1485 634 1544 Timor
648 1492 677 1544 et
693 1483 789 1544 Minae

253 1573 407 1632 Scandunt
422 1572 535 1642 eodem,
553 1588 610 1647 quo
627 1569 774 1641 dominus,
792 1587 888 1647 neque

300 1656 421 1717 Decedit
436 1664 532 1715 aerata
548 1655 661 1734 triremi
677 1665 706 1713 et

182 1753 210 1803 to
351 1741 420 1801 Post
435 1741 561 1817 equitem
578 1740 659 1799 sedet
675 1751 736 1798 atra
753 1740 837 1799 Cura.
863 1771 902 1781 -

254 1859 365 1931 Quodsi
381 1859 528 1918 dolentem
546 1875 601 1916 nec
617 1858 761 1936 Phrygius
777 1858 850 1937 lapis

254 1946 314 2005 Nec
330 1960 529 2022 purpurarum
545 1941 640 2002 sidere
656 1942 763 2001 clarior

301 2029 420 2089 Delenit
435 2047 505 2088 usus
521 2045 576 2086 nec
593 2026 614 2084 F
616 2027 715 2086 aierna

352 2113 423 2174 Vitis
439 2112 727 2188 Achaemeniumque
743 2120 866 2184 costum,

186 2242 216 2292 45
259 2231 318 2291 Cur
333 2230 497 2290 invidendis
513 2230 648 2308 postibus
665 2239 694 2289 et
710 2248 785 2288 novo

258 2316 390 2375 Subiime
406 2316 465 2374 ritu
479 2315 584 2374 moliar
600 2312 727 2374 atrium?

303 2400 361 2462 Cur
376 2400 450 2460 valle
465 2408 629 2480 permutem
647 2398 755 2459 Sabina

355 2486 471 2546 Divitias
487 2482 697 2564 operosiores‘?

651 2738 675 2798 ll

255 2859 415 2935 Angustam
433 2857 525 2915 amice
542 2856 710 2934 pauperiem
727 2856 785 2934 pati

255 2941 404 3002 Robustus
420 2941 479 3000 acri
496 2941 596 2999 militia
612 2959 687 3017 puer

303 3025 459 3086 Condisoat
475 3035 503 3085 et
519 3025 643 3084 Parthos
659 3026 765 3085 ferocis

355 3111 445 3170 Vexet
460 3129 551 3188 eques
566 3111 742 3170 metuendus
758 3110 836 3170 hasta

200 3240 214 3288 5
259 3230 412 3306 Vitamque
428 3229 483 3288 sub
499 3229 563 3289 divo
581 3236 609 3288 et
624 3229 745 3306 trepidis
761 3237 827 3306 agat

258 3314 290 3373 ln
309 3314 407 3374 rebus.
439 3314 523 3375 lidum
540 3333 573 3373 ex
590 3314 747 3373 moenibus
763 3313 884 3374 hosticis

304 3399 437 3458 Matrona
454 3398 589 3459 bellantis
605 3398 722 3478 tyranni

357 3484 543 3563 Prospicicns
559 3494 587 3543 et
602 3483 700 3542 adulta
717 3483 800 3561 virgo

214 3735 265 3786 lv.
285 3737 317 3787 39
335 3751 373 3799 sq.
392 3741 418 3786 et
437 3738 504 3801 post]
523 3737 570 3797 tet:
589 3739 649 3799 post
668 3751 681 3783 u
701 3739 811 3800 postque
830 3738 897 3785 coni.
915 3735 1000 3785 Beati.

217 3802 236 3853 li
253 3819 276 3854 v.
298 3807 310 3855 1
331 3803 405 3854 amici
424 3801 469 3866 (cs.
489 3806 568 3854 inser.
588 3802 619 3852 ad
643 3802 738 3853 amicos
763 3808 788 3852 et
811 3802 841 3853 de
865 3802 1025 3854 institutione
1051 3803 1082 3854 ad
1108 3805 1213 3860 amieos

130 3871 245 3939 loquitur
263 3873 320 3936 etc.)
339 3875 375 3935 (o)
