2640 4372
574 206 747 258 GARMlNUM
765 207 774 257 l
793 210 833 260 30.
852 209 893 260 ill.

688 380 767 440 XXX

322 496 346 556 0
365 496 472 569 Venus,
489 499 590 575 regina
606 498 690 560 Cnidi
705 499 866 577 Paphique‚

319 581 435 660 Sperne
451 582 584 643 dilectam
602 583 718 663 Cypron
735 593 765 644 et
780 584 912 644 vocantis

319 666 399 727 Ture
414 675 443 727 te
459 668 551 727 multo
568 668 707 746 Glycerae
722 670 858 729 decoram

399 751 540 812 Transfer
555 753 584 811 in
601 753 712 813 aedem.

260 880 275 928 5
320 868 460 930 Fervidus
475 879 571 929 tecum
588 888 663 948 puer
678 879 708 931 et
723 871 826 931 solutis

319 954 433 1014 Gratiae
449 954 532 1014 zonis
547 964 768 1033 properentque
783 955 933 1034 Nymphae

320 1037 357 1098 Et
371 1057 480 1117 parum,
490 1040 582 1099 comis
597 1039 662 1099 sine
677 1048 706 1100 te
723 1039 857 1100 luventas

394 1123 628 1201 Mercuriusque.

679 1459 770 1520 XXXI

319 1578 396 1648 Quid
412 1578 576 1639 dedicatum
593 1579 689 1658 poscit
704 1579 870 1657 Apollinem

318 1661 426 1723 Vates?
444 1665 513 1741 quid
530 1673 603 1735 orat,
619 1665 654 1724 de
672 1673 771 1741 patera
788 1682 898 1724 novum

365 1747 506 1809 Fundens
522 1746 688 1826 liquorem?
705 1767 765 1808 non
783 1749 899 1828 opimae

416 1832 567 1893 Sardiniae
583 1841 698 1909 segetes
715 1834 827 1906 leracis,

232 1973 234 1977 ·
265 1961 280 2010 5
322 1951 388 2010 Non
406 1959 557 2011 aestuosae
572 1958 652 2029 grata
669 1949 817 2011 Calabriae

319 2037 470 2106 Armenta,
488 2053 548 2094 non
564 2052 668 2095 aurum
686 2044 736 2095 aut
750 2035 823 2094 ebur
839 2035 981 2108 lodicum,

364 2120 430 2181 Non
448 2138 526 2190 rora,
543 2137 618 2197 quae
634 2119 709 2179 Liris
725 2120 821 2197 quieta

415 2204 530 2265 Mordet
544 2222 620 2281 aqua
635 2205 801 2265 taciturnus
815 2205 918 2264 amnis
1031 2251 1034 2257 .

323 2323 463 2383 Premant
479 2323 614 2384 Calenam
631 2323 704 2384 laloe
720 2323 828 2401 quibus
842 2323 921 2383 dedit

249 2417 277 2468 10
322 2406 452 2467 Fortuna
467 2408 564 2481 vitem,
581 2408 661 2469 dives
677 2415 709 2468 ut
724 2408 819 2469 aureis

365 2491 511 2553 Mercator
525 2494 652 2566 exsiccet
667 2493 772 2554 culillis

417 2576 488 2637 Vina
505 2578 575 2656 Syra
592 2588 725 2656 reparata
741 2596 851 2649 merce,

322 2695 373 2755 nis
389 2713 474 2757 carus
489 2696 569 2775 ipsis,
587 2697 696 2775 quippe
712 2705 758 2756 ter
772 2706 801 2755 et
816 2703 919 2773 quater

319 2783 407 2840 Anno
423 2781 553 2841 revisens
569 2798 681 2858 aequor
696 2780 871 2840 Atlanticum

247 2875 275 2924 15
361 2864 503 2942 lmpnne;
520 2884 566 2924 me
581 2872 708 2942 pascunt
723 2865 823 2935 olivae,

415 2948 460 3009 Me
477 2949 612 3009 cichorea
628 2948 765 3025 levesque
780 2947 898 3007 malvae.

319 3065 390 3125 Frui
405 3065 514 3144 paratis
530 3074 559 3125 et
573 3065 666 3126 valido
682 3065 763 3138 milri,

319 3149 418 3223 Lateo,
436 3151 528 3210 dones
544 3168 587 3223 ao,
604 3169 719 3228 precor,
738 3151 851 3230 integra

367 3236 440 3295 Cum
457 3244 555 3294 mente
572 3253 626 3294 nec
643 3243 760 3314 turpem
776 3245 922 3296 senectam

245 3330 277 3379 20
422 3321 534 3398 Degere
551 3338 606 3380 nec
621 3320 731 3380 cithara
748 3328 905 3380 carentem.

227 3550 231 3556 ’
275 3567 394 3619 xxxiv.
414 3570 515 3631 [9-1e]
535 3571 552 3619 a
578 3569 583 3634 ι
605 3571 620 3622 e
639 3565 1008 3635 strenam1r0rpn.tnenet.)2
1028 3566 1120 3618 carena
1141 3563 1147 3632 ι
1173 3569 1206 3620 10
1219 3567 1268 3638 etr

187 3639 352 3753 pznpbaisneppt
375 3637 412 3699 (o)
438 3635 502 3687 Tan.
527 3638 617 3688 Faber
642 3635 749 3704 (nenti.)
781 3640 785 3700 Ι
821 3638 851 3688 18
878 3639 917 3698 ac]
947 3651 962 3686 o
988 3635 1109 3701 (nenatu
1136 3636 1164 3686 al
1193 3651 1209 3686 o
1240 3641 1271 3689 el
