2640 4372
536 199 708 254 CARMlNUM
725 203 734 254 l
754 207 777 256 6.
795 208 818 256 l.

652 374 688 432 Vl

268 470 412 533 Scriberis
427 472 513 533 Vario
528 475 613 537 sortis
629 487 658 536 et
672 477 801 538 hostium

270 555 377 632 Victor,
394 557 519 618 Maeonii
535 561 673 621 carminis
689 562 765 634 alite,

268 640 362 711 Quam
378 661 439 703 rem
456 662 582 722 cumque
597 647 679 706 feror
696 647 818 708 navibus
832 657 882 708 aut
897 651 981 728 equis

312 727 395 788 Miles
409 739 438 788 te
455 730 528 790 duce
543 732 680 808 gesserit;

211 855 225 904 5
270 845 339 915 Nos,
355 847 493 925 Agrippa,
509 867 606 928 neque
620 850 692 910 haec
708 850 806 910 dicere
821 869 876 911 nec
893 871 1011 931 gravem

268 930 381 991 Pelidae
397 933 579 993 stomachum
595 934 700 995 cedere
717 936 809 996 nescii

268 1016 328 1076 Nec
344 1035 448 1077 cursus
463 1019 588 1097 duplicis
604 1039 657 1098 per
672 1038 754 1080 mare
770 1019 862 1081 Ulixei

311 1100 372 1162 Nec
388 1121 500 1163 saevam
517 1104 633 1183 Pelopis
648 1104 767 1165 domum

267 1217 423 1294 Conamur,
438 1231 544 1282 tenues
558 1222 690 1301 grandia,
707 1223 776 1283 dum
791 1224 888 1302 pudor

195 1313 223 1362 to
266 1304 444 1384 lnheMisque
460 1306 538 1386 lyrae
555 1307 636 1368 Musa
651 1315 758 1388 potens
773 1318 850 1369 vetat

264 1389 379 1451 Laudes
394 1393 504 1469 egregii
520 1393 649 1453 Caesaris
664 1404 694 1453 et
708 1402 773 1454 tuas

311 1475 402 1556 Culpa
417 1477 550 1538 deterere
566 1479 677 1557 ingeni.

265 1593 338 1663 Quis
353 1595 475 1655 Martem
490 1598 588 1658 tunica
605 1607 714 1658 tectum
731 1596 915 1658 adamantina

266 1679 359 1757 Digne
375 1681 524 1759 scripserit
539 1692 590 1742 aut
604 1683 723 1761 pulvere
738 1682 845 1742 Troico

195 1773 225 1822 15
269 1764 392 1842 Nigrum
407 1765 559 1826 Merionen
577 1778 627 1827 aut
641 1786 698 1846 ope
714 1766 837 1827 Palladis

309 1849 440 1928 Tydiden
457 1853 573 1930 superis
590 1850 713 1929 parem?

264 1967 324 2028 Nos
339 1969 480 2042 convivia,
496 1988 551 2030 nos
564 1969 675 2050 proelia
691 1970 838 2048 virginum

266 2051 360 2113 Sectis
375 2054 405 2113 in
422 2054 543 2116 iuvenes
558 2053 709 2132 unguibus
724 2055 834 2114 acrium

264 2136 420 2200 Cantemus
435 2140 528 2214 vacui,
543 2141 602 2201 sive
618 2139 688 2218 quid
704 2139 827 2212 urimur,

192 2229 221 2279 tt
305 2223 370 2283 Non
387 2234 506 2303 praeter
521 2226 640 2286 solitum
655 2224 742 2285 leves.

640 2479 690 2539 VM

262 2575 436 2639 Laudabunt
450 2579 497 2640 alii
512 2581 617 2641 claram
633 2582 759 2641 Rhodon
775 2591 825 2640 aut
841 2581 999 2661 Mytilenen

304 2664 363 2723 hut
377 2664 515 2744 Epheson
533 2666 688 2726 bimarisve
704 2665 837 2726 Corinthi

266 2746 381 2809 Moenia
397 2750 442 2810 vel
457 2750 572 2811 Baccho
587 2751 702 2812 Thebas
716 2750 762 2810 vel
777 2750 912 2828 Apolline
929 2748 1056 2827 Delphos

306 2833 434 2912 Insignis
449 2845 500 2895 aut
514 2835 652 2896 Thessala
667 2835 793 2913 Tempe3

206 2925 221 2974 5
264 2916 341 2977 Sunt
357 2919 464 2996 quihus
479 2938 572 2980 unum
590 2938 665 2998 opus
681 2931 733 2993 est,
750 2921 875 2979 intactae
891 2917 1015 2978 Palladis
1030 2915 1134 2977 urhem

304 3003 440 3064 Carmine
456 3013 599 3083 perpetuo
614 3004 763 3065 celebrare
779 3015 808 3065 et

263 3086 399 3167 Undique
414 3090 582 3168 decerptam
598 3089 689 3150 fronti
705 3107 888 3168 praeponere
905 3088 1025 3163 olivam;

305 3173 451 3236 Plurimus
465 3175 495 3234 in
512 3172 635 3235 lunonis
650 3175 795 3234 honorem

222 3355 253 3408 Vl
271 3375 296 3408 υ.
315 3359 330 3409 2
349 3357 402 3407 aliti
421 3358 587 3408 Passeratius
601 3356 636 3424 13
656 3373 706 3424 qua
725 3360 830 3408 etiamsi
852 3372 907 3406 non
925 3371 985 3406 cum
1002 3350 1144 3422 ‘plerisque
1161 3371 1204 3404 rte·

135 3426 235 3475 tentus
253 3419 343 3487 torti,
362 3429 452 3476 tamen
469 3441 524 3475 non
541 3428 649 3476 omnino
667 3429 724 3477 eine
743 3427 818 3476 lteris
836 3427 869 3487 (v.
884 3423 932 3474 01(
945 3424 1040 3490 epilog.
1057 3423 1068 3474 1
1086 3425 1128 3487 28)
1146 3422 1204 3473 Mu-

134 3496 208 3542 retus
233 3509 289 3545 var.
317 3494 375 3544 lect.
392 3492 425 3543 lx
443 3496 456 3544 'i
476 3494 581 3558 (Beati.)
607 3495 610 3556 Ι
633 3494 649 3545 7
667 3493 782 3561 duplices
806 3494 809 3555 Ι
834 3494 954 3556 [13-16]
973 3493 1000 3542 H
1013 3491 1048 3560 (o.
1068 3507 1155 3557 opusc.
1174 3490 1204 3541 Ml

135 3562 177 3624 50)
200 3561 232 3610 M
250 3560 296 3626 (es.
317 3559 407 3627 praef.
425 3578 449 3612 u.
471 3563 536 3614 1869
550 3577 579 3627 p.
591 3562 637 3622 lX;
657 3564 722 3615 1879
736 3578 765 3628 p.
777 3560 864 3625 xvlll)
882 3561 919 3624 hl
936 3561 966 3613 18
986 3560 1081 3612 strictis
1092 3558 1178 3611 Bentl.
1199 3559 1202 3624 l

139 3631 319 3681 recantamus
343 3629 436 3692 vacui,]
464 3629 492 3680 V
503 3631 559 3681 iod.
583 3631 672 3682 Berol.
694 3635 757 3681 uest.
776 3646 799 3681 α.
821 3630 885 3682 1886
907 3644 934 3694 p.
953 3630 968 3680 3
986 3645 1035 3694 eq,
1057 3644 1110 3692 quo
1131 3633 1204 3677 recta

136 3698 322 3762 interpretatio
334 3700 422 3762 magis
434 3698 624 3762 dignoscatur.-
643 3703 783 3762 cantamus,
794 3697 870 3748 vacui
881 3713 902 3748 a.
918 3700 1058 3759 cantamus,
1070 3695 1153 3758 vacui,
1168 3697 1203 3746 ol.

223 3764 265 3816 Vll
282 3783 306 3817 υ.
325 3768 339 3817 2
358 3766 480 3831 ephesum
497 3770 500 3827 Ι
517 3769 531 3817 5
546 3781 618 3818 arces
635 3769 670 3831 (v)
689 3780 773 3816 arcem
791 3767 827 3829 (v)
842 3762 847 3832 Ι
863 3767 927 3829 deq.
946 3764 1075 3816 celebrare
1093 3762 1203 3829 indeque

135 3832 295 3884 Bouhier-ius
312 3851 337 3886 a.
359 3836 422 3885 1715
441 3834 680 3898 teeteOrcllt'0510.
695 3833 828 3885 Schrader
845 3835 945 3882 observ.
956 3849 982 3899 p.
996 3836 1027 3884 75
1039 3849 1095 3898 sqq.
1111 3829 1116 3899 Ι
1132 3831 1206 3883 Bho·

134 3914 196 3951 oore
217 3901 419 3968 Oudendorpim
442 3901 469 3952 tl.
488 3905 519 3952 at
538 3903 569 3953 H.
586 3904 610 3953 P
625 3903 651 3953 ll.
670 3902 882 3966 (duninghamue
900 3904 994 3951 eontra
1013 3901 1146 3963 honorem)
