2640 4372
252 200 291 261 26
600 204 799 258 cthttttUttt
818 209 858 260 33.
878 210 919 261 34.
939 211 979 261 35.

348 370 357 385 ‘
381 380 481 458 lpsum
497 397 544 438 me
559 377 663 437 melior
680 395 746 436 cum
764 388 878 456 peteret
893 378 1000 454 Venus,

381 464 467 523 Grata
483 462 610 522 detinuit
625 462 767 540 compede
783 463 904 542 Myrtale

310 558 337 607 15
382 548 544 620 Libertina,
560 547 643 608 fretis
658 546 754 606 acrior
770 547 893 608 Hadriae

458 632 610 694 curvantis
625 631 763 693 Calabros
778 633 869 692 sinus.

716 784 860 794 —-.

725 900 841 961 XXXIV

381 1019 493 1080 Parcus
507 1022 630 1082 deorum
646 1019 742 1080 cultor
756 1029 785 1080 et
800 1019 984 1097 infrequens,

381 1103 558 1166 insanientis
573 1107 642 1167 dum
659 1105 818 1184 sapientiae

430 1189 588 1251 Consultus
604 1208 680 1261 erro,
697 1206 778 1248 nunc
794 1198 956 1249 retrorsum

482 1275 549 1335 Vela
565 1276 634 1334 dare
649 1284 737 1351 atque
753 1274 859 1333 iterare
876 1290 981 1333 cursus

323 1421 338 1468 5
382 1408 479 1488 Cogor
493 1411 628 1471 relictos:
645 1425 772 1485 namque
788 1408 943 1487 Diespiter,

383 1495 446 1574 igni
462 1514 587 1556 corusco
603 1493 703 1554 nubila
719 1491 851 1553 dividens

427 1580 611 1658 Plerumque,
628 1597 682 1657 per
696 1595 803 1656 purum
819 1577 950 1637 tonantis

459 1664 527 1742 Egit
541 1683 633 1743 equos
648 1665 857 1741 volucremque
874 1679 1004 1732 currum,

382 1800 448 1870 Quo
465 1799 551 1860 bruta
568 1799 654 1860 tellus
670 1807 699 1858 el
712 1816 784 1875 vaga
800 1798 930 1870 flumina,

312 1893 339 1944 10
382 1883 449 1954 Quo
466 1884 536 1963 Styx
553 1894 581 1942 et
596 1883 680 1943 invisi
695 1883 813 1942 horrida
828 1882 954 1943 Taenari

431 1969 522 2029 Sedes
537 1968 748 2045 Atlanteusque
764 1968 832 2027 linis

480 2053 663 2113 Concutitur.
681 2087 718 2096 —
737 2051 818 2112 Valet
833 2052 890 2112 ima
905 2054 1027 2112 summis

349 2215 352 2221 ¹
382 2188 496 2248 Mutare
512 2199 541 2249 et
556 2188 702 2265 insignem
718 2195 851 2247 attenuat
866 2187 947 2259 deus,

379 2273 513 2333 Obscura
527 2289 682 2351 promens3
699 2272 769 2332 hinc
784 2272 897 2350 apicem
913 2289 1002 2350 rapax

306 2365 334 2416 15
424 2357 556 2418 Fortuna
573 2376 638 2418 cum
655 2356 781 2418 stridore
797 2366 883 2416 acuto

477 2442 610 2516 Sustulit,
626 2443 673 2502 hic
689 2442 822 2520 posuisse
838 2441 955 2520 gaudet.

733 2726 835 2788 XXXV

320 2858 333 2907 5
378 2848 402 2908 Ο
419 2847 492 2920 diva,
508 2857 622 2926 gratum
639 2865 713 2924 quae
729 2846 807 2924 regis
822 2846 952 2918 Antium,
994 2847 997 2852 ’

380 2933 522 2992 Praesens
538 2932 583 2992 vel
597 2933 657 2992 imo
667 2932 776 3002 ‚tollere
792 2933 828 2992 de
843 2931 936 3008 gradu

425 3017 546 3077 Mortale
563 3035 672 3094 corpus
688 3017 732 3076 vel
747 3015 891 3095 superbos

477 3100 598 3163 Vertere
613 3101 770 3163 funeribus
786 3101 961 3179 triumphos,

361 3236 385 3295 T
398 3255 414 3296 e
432 3255 545 3316 pauper
560 3237 652 3297 ambit
667 3236 790 3296 sollicita
805 3252 894 3316 prece

379 3321 467 3382 Ruris
483 3322 616 3393 colonus,
632 3332 661 3382 te
677 3321 825 3381 dominam
842 3321 978 3398 aequoris

425 3406 610 3486 Quicumque
626 3407 750 3486 Bithyna
766 3405 882 3466 lacessit

394 3558 396 3562 ,
475 3489 663 3570 Carpathium
679 3492 801 3570 pelagus
816 3491 924 3565 carina,

252 3623 455 3634 ————-

335 3737 433 3789 XXXlll
460 3755 484 3790 v.
515 3741 546 3789 14
572 3739 698 3789 continuit
720 3739 845 3790 Placidus
866 3756 885 3790 a.
908 3756 932 3791 v.
957 3740 1092 3804 compedes
1111 3756 1138 3804 p.
1160 3739 1199 3802 16,
1219 3739 1290 3793 61).

336 3805 438 3856 XXXlV
456 3823 481 3856 v.
501 3809 516 3856 5
535 3805 645 3857 reiectos
662 3805 695 3856 N.
717 3807 839 3858 Heinsius
864 3808 901 3858 ad
914 3807 966 3858 Oc.
986 3807 1048 3856 Met.
1069 3806 1122 3858 Vlll
1146 3807 1203 3870 tta,
1230 3807 1316 3860 Banti

251 3873 281 3924 13
300 3873 398 3940 insigne
416 3875 501 3925 Bentl.
