2640 4372
206 869 250 930 Ad
264 870 413 932 Horatium
431 870 576 931 edendum
593 890 653 930 non
668 870 788 950 proprio
800 879 881 930 motu
894 871 1012 931 accessi.
1039 871 1091 932 Vix
1103 871 1193 941 enim,

123 973 190 1015 cum
202 965 247 1016 tot
257 956 320 1016 eius
331 955 568 1017 editionesvariis
579 955 681 1017 usibus
692 964 777 1035 aptae
788 964 913 1028 exstent,
926 974 999 1016 nova
1011 956 1106 1035 aliqua
1119 975 1194 1035 opus

123 1059 187 1101 esse
201 1059 320 1120 semper
334 1041 435 1102 censui
451 1041 597 1119 hodieque
613 1061 732 1102 censeo.
762 1040 801 1101 Ut
816 1041 908 1101 nihilo
924 1041 1015 1102 setius
1029 1042 1087 1101 hoc
1101 1034 1194 1121 ‘peri-

124 1126 241 1186 culosae
257 1126 378 1206 plenum
401 1145 476 1206 opus
492 1119 578 1186 aleae'
597 1126 787 1207 susciperem,
804 1135 956 1206 permotus
971 1145 1035 1186 sum
1052 1147 1067 1187 a
1083 1126 1193 1204 collega

125 1210 369 1272 desideratissimo
390 1211 533 1272 Guilelmo
549 1212 744 1279 Studemund,
770 1212 820 1290 qui
847 1231 903 1273 nos
929 1229 1032 1272 omnes
1059 1211 1194 1289 collegae,

123 1296 242 1369 amicos,
255 1297 424 1376 discipulos,
436 1315 495 1376 quo
507 1297 666 1357 eratanimi
678 1299 793 1358 fervore
805 1306 899 1375 etqua
908 1296 1101 1376 persuadendi
1110 1297 1136 1357 vi
1148 1296 1191 1357 in·

125 1389 265 1452 structus,
281 1384 315 1443 ad
328 1382 457 1442 laborem
471 1381 620 1442 incitabat.
646 1382 674 1442 ls
686 1401 733 1442 me
746 1391 813 1442 ante
825 1383 882 1442 hoc
894 1384 955 1443 lere
967 1381 1193 1460 quadriennium

124 1466 194 1527 adiit
206 1468 335 1545 mihique
348 1468 483 1537 narravit,
497 1466 644 1527 librariam
653 1467 927 1527 Weidmannianam
939 1467 1064 1547 Adolphi
1077 1466 1193 1546 quidem

64 1620 67 1625 Α
124 1550 294 1630 liiesslingii
310 1554 456 1630 egregiam
478 1551 639 1612 editionem
655 1551 845 1612 floratianam
863 1553 1003 1613 continua
1018 1553 1194 1632 interpreta-

123 1637 205 1696 tione
220 1637 395 1696 instructam
411 1638 490 1696 suras
505 1637 628 1709 dedisse,
650 1637 773 1697 eandem
790 1645 888 1697 tamen
905 1638 991 1698 etiam
1015 1635 1195 1698 editionibus

124 1729 279 1782 auctorum
301 1721 489 1783 classicorum
517 1741 532 1781 a
554 1741 586 1782 se
605 1722 718 1783 emissis
738 1721 850 1782 lloratii
878 1723 1007 1782 carmina
1033 1722 1195 1801 adiungere

125 1805 208 1877 velle,
229 1806 375 1886 simulque
391 1826 493 1867 eorum
516 1807 698 1868 edendorum
722 1808 850 1868 cilicium
867 1808 937 1868 mihi
954 1807 1069 1868 obtulit.
1099 1807 1195 1878 Quod,

125 1910 191 1952 cum
203 1912 259 1973 per
269 1893 462 1972 longinquam
473 1911 620 1954 annorum
631 1893 738 1954 seriem
749 1893 878 1954 studium
887 1911 975 1973 saepe
984 1893 1195 1972 interruptum,

128 1996 286 2057 numquam
304 1978 428 2038 omnino
444 1979 583 2054 omissum
598 1979 668 2039 huic
683 1988 787 2058 poetae
809 1978 950 2039 dicassem
973 1986 1003 2039 et
1023 1977 1195 2057 longinquis

124 2062 277 2125 laboribus
304 2064 443 2124 Gellianis
473 2064 590 2124 tandem
621 2064 778 2142 aliquando
812 2063 952 2125 absolutis
977 2081 1043 2124 cum
1070 2065 1194 2123 maxime

125 2147 218 2209 otium
234 2157 339 2210 nactus
354 2168 458 2221 essem,
475 2150 649 2209 exhortaute
665 2158 695 2210 et
715 2149 875 2227 instigante
896 2149 1007 2227 collega
1029 2147 1194 2208 detrectare

125 2234 217 2294 nolui.
248 2233 280 2293 ld
296 2253 389 2295 unum
406 2235 539 2311 flagitari,
555 2243 590 2294 ut
604 2243 709 2313 poetae
723 2235 821 2295 verbis
834 2235 1055 2295 adnotationem
1067 2234 1194 2313 aliquam

127 2317 257 2377 criticam
281 2318 415 2379 subicere
438 2320 508 2379 mihi
526 2319 639 2379 liceret.
670 2318 733 2379 Hoc
758 2329 855 2380 tameu
883 2338 898 2378 a
925 2321 1112 2399 redemptore
1138 2319 1192 2379 ho-

128 2401 295 2461 nestissimo
310 2402 349 2463 ita
364 2411 480 2464 tanturn
496 2403 567 2463 mihi
591 2421 764 2464 concessum
781 2423 845 2464 esse
860 2404 961 2476 doleo,
977 2412 1011 2465 ut
1025 2404 1194 2465 brevissima

126 2486 304 2546 fieret-baec
324 2487 482 2548 adnotatio.
520 2488 579 2547 lam
600 2505 662 2547 rem
684 2487 722 2546 ita
746 2487 899 2549 instituere
926 2489 1094 2568 oportebat,
1121 2498 1155 2549 ut
1179 2508 1195 2549 a

126 2571 202 2633 iusto
219 2572 336 2650 quidem
352 2580 492 2652 apparatu
509 2571 611 2633 critico
624 2571 810 2633 conficiendo
821 2573 1009 2645 abstinerem,
1025 2574 1117 2634 sedin
1130 2582 1195 2634 arto

126 2656 221 2736 spatio
237 2658 308 2718 mihi
324 2676 468 2719 concesso
484 2665 513 2718 et
527 2657 656 2718 virorum
672 2659 828 2719 doctorum
843 2666 873 2718 et
887 2658 1118 2719 adolescentium
1133 2667 1196 2720 stu-

124 2742 274 2803 diosorum
292 2743 454 2804 commodis
469 2762 556 2822 quam
572 2743 697 2804 maxime
712 2744 775 2804 fieri
790 2753 891 2824 posset
906 2743 1101 2804 consulerem.

211 2827 297 2889 Haud
311 2829 403 2906 igitur
417 2829 604 2907 singulorum
619 2829 753 2890 codicum
767 2829 861 2889 varias
876 2827 1019 2890 lectiones
1034 2829 1127 2903 attuli,
1143 2829 1194 2891 sed

126 2912 254 2973 universi
269 2923 428 2994 apparatus
440 2913 532 2975 critici
546 2913 736 2975 notabiliores
751 2916 840 2976 modo
856 2915 1091 2986 commemoravi,
1107 2934 1195 2994 prae·

126 2998 212 3077 cipue
228 3016 292 3072 eas,
315 3018 390 3078 quae
412 2997 448 3058 ad
462 3007 567 3078 poetae
581 2999 670 3059 verba
685 3000 894 3062 constituenda
909 3000 940 3060 in
956 3018 1079 3061 censum
1093 3001 1194 3061 venire

125 3093 256 3162 possent,
279 3093 366 3162 atque
388 3085 444 3144 hoc
467 3084 586 3162 quidem
608 3085 661 3156 ita,
684 3094 717 3145 ut
738 3085 768 3144 in
785 3085 909 3165 singulis
924 3085 997 3146 locis
1013 3105 1074 3146 non
1092 3104 1195 3147 omnes

127 3168 339 3248 discrepantias
353 3188 569 3249 proponerem,
586 3170 636 3229 sed
653 3170 827 3249 plerumque
842 3178 921 3230 certe
937 3189 986 3232 eas
1000 3172 1103 3243 modo,
1120 3189 1195 3250 quae

126 3253 184 3313 buc
200 3254 386 3333 aliquatenus
407 3256 554 3326 lacerent,
577 3273 633 3315 nec
655 3254 841 3333 singulorum
856 3256 991 3316 codicum
1015 3256 1047 3316 in
1071 3256 1195 3336 singulis

125 3339 222 3399 verbis
237 3339 403 3400 scribendis
418 3357 534 3400 errores
549 3340 700 3411 adderem,
723 3341 772 3400 sed
795 3340 944 3419 vulgarem
966 3342 1029 3402 lere
1044 3341 1193 3402 scribendi

126 3425 271 3485 rationem
287 3426 431 3485 afferrem.
464 3424 562 3485 Varias
577 3426 629 3485 has
644 3426 799 3498 lectiones,
822 3426 874 3486 uhi
889 3426 968 3487 solae
982 3426 1194 3507 proponeban-

127 3519 191 3582 tur,
208 3511 287 3570 nulla
303 3511 374 3588 sigla
389 3509 531 3581 instruxi,
552 3509 602 3570 ubi
625 3512 697 3570 aliae
713 3510 910 3584 addebantur,
930 3531 945 3571 a
962 3512 1068 3590 quibus
1084 3512 1194 3572 discer-

128 3596 242 3656 nendae
257 3604 357 3668 erant,
373 3596 469 3656 littera
483 3613 517 3668 u;
533 3594 691 3667 lectiones,
709 3614 783 3674 quac
799 3597 885 3657 etiam
901 3597 1096 3668 scholiorum,
1113 3615 1194 3656 com-

127 3681 388 3753 memorationum,
409 3680 603 3741 imitationum
625 3682 740 3741 ratione
763 3682 860 3742 habita
883 3682 999 3743 minore
1021 3682 1194 3742 auctoritate

127 3784 213 3843 quam
235 3767 301 3827 illae
317 3767 388 3827 mihi
404 3765 569 3827 censendae
585 3785 649 3828 esse
664 3766 855 3841 videbantur,
878 3765 920 3846 (u)
935 3767 1063 3844 signavi,
1090 3784 1146 3845 qua
1162 3767 1193 3826 in

126 3870 159 3912 re
174 3871 246 3913 sane
261 3851 402 3912 iudicium
417 3853 487 3913 satis
502 3851 649 3914 lubricum
666 3872 731 3913 esse
747 3872 809 3912 non
824 3853 940 3929 ignoro.
972 3851 1095 3930 Saepius
1110 3862 1195 3913 notas
