2640 4372
536 111 726 164 snrmnuuof
744 112 753 162 l
774 116 795 164 l.

211 286 354 346 Sordidus
375 305 409 346 ac
431 285 519 356 dives,
542 283 643 363 populi
665 294 859 344 contemnere
881 301 969 345 voces

211 372 259 431 Sic
281 372 399 431 solitus:
420 363 561 448 ‘populus
583 387 629 428 me
652 367 757 441 sibilat,
780 379 809 428 at
831 370 901 429 mihi
924 369 1031 447 plaudo

211 456 276 534 lpse
299 456 387 527 domi,
411 455 554 515 simulac
577 472 714 514 nummos
735 454 921 532 contemplor
943 455 973 517 in
997 450 1085 516 arca.>

211 540 351 600 Tantalus
372 559 387 600 a
411 540 501 600 labris
522 539 624 600 sitiens
646 539 788 615 fugientia
810 549 908 618 captat

213 625 357 686 Flumina.
402 624 478 695 Quid
501 622 603 684 rides?
626 633 737 683 mutato
761 625 882 685 nomine
904 623 992 686 dete

212 711 319 771 Fabula
345 720 493 770 narratur:
517 709 665 786 congestis
688 709 819 786 undique
840 710 933 769 saccis

212 795 359 856 ludormis
381 795 499 855 inhians
522 805 551 854 et
573 805 720 872 tamquam
743 811 865 872 parcere
887 794 979 856 sacris

212 881 332 959 Cogeris
354 890 405 939 aut
426 880 513 958 pictis
535 890 683 957 tamquam
707 879 834 955 gaudere
857 879 980 940 tabellis.

212 967 313 1027 Nescis
336 984 395 1044 quo
419 966 511 1025 valeat
533 961 693 1024 nummus?
717 983 804 1042 quem
828 964 967 1042 praebeat
988 963 1098 1028 usum?

212 1051 299 1112 Panis
322 1061 446 1122 ematur,
470 1051 564 1121 holus,
587 1050 645 1109 vini
667 1050 821 1120 sextarius,
843 1050 917 1110 adde

213 1136 285 1206 Quis
308 1137 434 1196 humana
458 1136 514 1196 sibi
537 1135 634 1194 doleat
656 1145 760 1194 natura
784 1137 907 1212 negatis.

213 1226 257 1281 An
281 1221 400 1299 vigilare
424 1231 502 1280 metu
527 1220 699 1291 exanimem,
723 1230 885 1298 noctesque
908 1220 1030 1299 diesque

213 1306 385 1367 Formidare
408 1306 500 1366 malos
524 1307 613 1378 fures,
637 1305 784 1376 incendia,
807 1325 916 1378 servos,

213 1392 256 1451 Ne
278 1401 307 1451 te
331 1391 493 1469 compilent
516 1392 673 1468 fugientes
696 1391 753 1450 hoo
775 1389 874 1450 iuvat?
897 1393 1004 1450 horum

214 1477 337 1554 Semper
359 1496 414 1554 ego
438 1477 562 1555 optarim
586 1476 793 1554 pauperrimus
815 1494 879 1535 esse
900 1474 1059 1536 honorum.

213 1566 251 1622 At
273 1562 297 1622 si
320 1562 473 1622 condoluit
495 1572 668 1639 temptatum
693 1561 803 1637 frigore
826 1578 935 1638 corpus

214 1652 272 1706 Aut
294 1647 368 1708 alius
391 1666 476 1708 casus
499 1646 575 1707 lecto
598 1657 627 1706 te
649 1646 768 1717 adflixit,
791 1644 881 1705 hahes
904 1646 954 1724 qui

214 1732 361 1803 Adsideat,
384 1734 514 1792 fomenta
536 1742 629 1810 paret,
653 1732 798 1792 medicum
821 1740 915 1808 roget,
938 1741 971 1790 ut
992 1741 1022 1790 te

215 1818 343 1878 Suscitet
365 1836 399 1877 ac
421 1818 523 1877 reddat
545 1818 641 1894 gnatis
663 1818 796 1894 carisque
819 1813 1018 1894 propinquis?

214 1902 280 1962 Non
304 1921 380 1962 uxor
401 1902 511 1962 salvum
535 1911 563 1960 te
585 1902 653 1970 volt,
677 1921 737 1961 non
761 1901 848 1973 tilius,
872 1920 975 1961 omues

217 1987 310 2046 licini
334 1988 471 2059 oderunt,
495 1987 567 2057 noti,
590 1988 674 2064 pueri
697 1997 784 2064 atque
807 1986 937 2065 puellae:

216 2072 339 2144 Miraris,
362 2089 428 2131 cum
451 2084 483 2130 tu
506 2067 718 2149 argento'post
740 2071 839 2131 omnia
863 2089 966 2149 ponas,

215 2157 246 2216 Si
270 2176 358 2216 nemo
381 2165 518 2234 praestet,
542 2173 630 2232 quem
653 2175 714 2214 non
739 2156 889 2226 merearis,
913 2153 1085 2215 amorem?'

211 2235 262 2302 ‘At
283 2243 308 2302 si
330 2251 483 2319 cognatos,
507 2241 589 2300 nullo
613 2250 716 2300 natura
740 2241 840 2300 labore

214 2326 295 2397 Quos
317 2328 369 2387 tibi
394 2327 450 2399 dat,
473 2327 603 2386 retinere
624 2326 695 2386 velis
718 2344 894 2402 servareque
916 2324 1035 2395 amicos,

215 2411 320 2471 Infelix
343 2431 464 2491 operam
489 2412 603 2489 perdas,
626 2422 660 2471 ut
680 2411 773 2489 siquis
794 2409 914 2470 asellum

216 2497 248 2556 ln
274 2516 378 2576 campo
400 2499 505 2558 doceat
527 2507 680 2574 parentem
703 2514 825 2556 currere
847 2489 959 2554 frenis?

216 2583 351 2660 Denique
374 2584 411 2644 sit
432 2584 500 2643 finis
523 2582 694 2660 quaerendi,
718 2599 846 2658 cumque
868 2579 976 2639 habeas
998 2578 1077 2657 plus,

215 2667 389 2746 Pauperiem
412 2679 524 2728 metuas
547 2668 646 2726 minus
669 2677 698 2726 et
721 2667 807 2725 linire
829 2664 960 2724 lahorem

215 2752 352 2831 incipias,
375 2764 458 2831 parto
481 2751 560 2830 quod
584 2752 698 2822 avebas,
722 2769 760 2809 ne
783 2751 871 2810 facias
893 2750 971 2827 quod

216 2837 379 2896 Ummidius
401 2837 517 2914 quidam
542 2870 554 2880 -
579 2856 639 2896 non
664 2836 752 2913 longa
776 2845 820 2895 est
842 2836 938 2895 fabula
962 2855 991 2893 -ε
1016 2834 1107 2906 dives,

216 2921 254 2981 Ut
277 2922 430 2981 metiretur
452 2939 598 2993 nummos,
622 2921 660 2980 ita
683 2920 830 2992 sordidus,
853 2931 886 2980 ut
906 2939 938 2981 se

216 3006 280 3065 Non
305 3023 446 3083 umquam
469 3023 554 3065 servo
577 3006 682 3066 melius
705 3007 832 3078 vestiret,
855 3007 889 3065 ad
913 3022 1007 3082 usque

217 3094 396 3168 Supremum
421 3102 546 3169 tempus,
571 3111 609 3152 ne
631 3111 664 3151 se
686 3091 810 3169 penuria
833 3091 927 3150 victus

218 3175 416 3254 Opprimeret,
439 3175 605 3250 metuebat;
627 3185 658 3236 at
680 3177 760 3236 hunc
783 3174 888 3235 liberta
910 3173 1006 3234 securi

216 3376 226 3425 l
245 3393 266 3426 o.
286 3379 318 3428 79
338 3384 452 3442 optarem
468 3377 472 3442 Ι
489 3380 517 3429 81
540 3377 603 3439 adfs.
615 3375 708 3441 af)iixit
727 3378 762 3439 (v)
778 3377 782 3441 Ι
799 3378 830 3428 83
851 3375 935 3440 gnatis
953 3378 989 3437 (et
1000 3374 1077 3436 natis)
1095 3364 1207 3431 reddat}

133 3446 235 3497 88-91
256 3460 339 3494 uvore
358 3446 513 3496 imbuendos
532 3462 585 3495 esse
602 3446 665 3495 inde
683 3447 716 3494 ab
735 3461 759 3494 a.
774 3446 839 3497 1851
853 3447 882 3492 in
899 3444 997 3494 scholis
1014 3448 1070 3492 tum
1083 3440 1204 3491 Ber-elini
1222 3482 1227 3487 .

134 3515 235 3562 luditis
253 3515 366 3577 exposui
371 3531 382 3574 ,-
398 3513 467 3563 idem
483 3515 645 3578 paulopost
662 3516 691 3562 in
709 3513 772 3563 diss.
791 3514 905 3577 quodum
921 3511 1088 3561 Berolt‘nemi
1098 3506 1203 3569 frustra
1237 3529 1241 3535 ·

132 3597 238 3630 nuncu
257 3596 298 3629 me
316 3584 438 3645 quaesito
461 3585 532 3631 inter
558 3584 703 3631 sententias
730 3585 914 3631 controversas
937 3581 1057 3644 proponi
1082 3578 1206 3636 memini5

132 3665 154 3699 υ.
175 3651 251 3713 eosq.
269 3652 347 3712 signo
366 3677 400 3686 —
417 3654 446 3700 in
464 3649 518 3711 fine
534 3666 559 3702 o.
580 3651 612 3702 89
628 3653 717 3714 posito
736 3650 820 3699 eidam
838 3664 919 3698 auaro
933 3648 1084 3712 assignavit
1095 3646 1126 3695 ΙΙ.
1141 3641 1205 3695 Keclr

133 3721 186 3766 act.
201 3733 294 3783 gpmn.
306 3733 330 3768 a.
346 3719 411 3770 1856
426 3735 453 3783 p.
468 3720 560 3783 Sdfsq.
577 3720 581 3781 Ι
598 3720 629 3770 88
643 3720 679 3780 at]
692 3735 722 3768 v:
735 3734 766 3768 an
777 3735 792 3768 υ
803 3733 833 3769 ac
845 3718 879 3780 lo)
895 3719 899 3781 Ι
916 3718 992 3780 89sq.
1003 3715 1101 3766 amicos
1111 3712 1206 3775 infelix,

131 3784 335 3834 Doederleinius
350 3787 354 3850 Ι
370 3788 400 3837 91
422 3786 518 3837 frenis?
536 3786 570 3837 al.
587 3785 590 3852 Ι
607 3788 638 3837 95
659 3787 703 3851 qui
721 3791 772 3836 tam
790 3786 876 3836 Bentl.
