2640 4372
487 203 659 258 CARNlNUM
676 205 686 256 Ι
705 207 743 258 14.
764 207 803 258 15,

240 379 333 441 lactes
348 386 379 440 et
393 397 488 459 genus
503 386 532 439 et
546 395 655 438 nomen
671 377 785 451 inutile,

239 463 286 526 Nil
301 464 388 543 pictis
403 464 521 525 timidus
536 463 631 523 navita
647 463 797 542 puppibus

287 549 378 610 Fidit:
393 559 435 623 tu,
453 549 509 609 nisi
525 549 619 609 ventis

329 634 425 696 Debes
439 632 609 706 ludibrium,
625 650 703 693 cave.

242 771 343 850 Nuper
358 769 516 832 sollicitum
531 787 607 848 quae
622 769 693 829 mibi
707 769 846 845 taedium,

241 854 327 915 Nunc
342 854 519 917 desiderium
535 871 664 932 curaque
680 874 741 915 non
757 854 836 930 levis,

286 938 432 1002 lnterlnsa
448 939 569 1001 nitentis

329 1026 409 1088 Vites
423 1043 551 1104 aequora
566 1024 713 1105 Cycladas.

624 1330 675 1390 XV

242 1451 345 1511 Pastor
360 1467 428 1509 cum
442 1448 573 1508 traheret
587 1466 641 1527 per
655 1450 728 1509 freta
744 1450 866 1513 navibus

243 1534 336 1595 Idaeis
351 1533 485 1593 Helenen
501 1533 632 1611 perfidus
646 1534 802 1614 hospitam,

244 1618 364 1698 Ingrato
381 1616 492 1678 celeres
508 1615 607 1678 obruit
622 1618 681 1679 otio

320 1702 441 1775 Ventos,
457 1711 490 1762 ut
504 1711 624 1762 caneret
637 1703 699 1764 fera

245 1839 358 1900 Nereus
373 1838 446 1898 fata:
467 1830 554 1898 ‘Mala
570 1837 654 1899 ducis
669 1840 714 1899 avi
729 1839 859 1915 domum,

243 1925 338 1996 Quam
355 1923 446 1983 multo
461 1932 576 2002 repetet
591 1923 711 1985 Graecia
727 1924 828 2000 milite,

244 2009 401 2071 Coniurata
415 2017 480 2069 tuas
495 2026 634 2086 rumpere
650 2008 767 2089 nuptias

320 2094 358 2154 llt
372 2111 497 2171 regnum
513 2093 621 2154 Priami
636 2103 729 2156 vetus.

246 2232 320 2304 lieu,
336 2229 404 2303 heu,
419 2238 547 2307 quantus
562 2229 654 2308 equis,
671 2239 800 2308 quantus
814 2232 897 2293 adest
910 2232 979 2294 viris

246 2315 358 2376 Sudorl
374 2323 484 2392 quanta
499 2332 598 2375 moves
612 2316 718 2374 lunera
733 2315 884 2377 Dardanae

248 2399 350 2460 Gentil
366 2399 422 2457 iam
438 2398 549 2476 galeam
566 2399 659 2460 Pallas
676 2409 705 2459 et
720 2401 820 2479 aegida

324 2482 494 2560 Currusque
509 2491 538 2541 et
552 2481 663 2542 rabiem
679 2493 771 2562 parat.

248 2615 434 2693 Nequiquam
447 2615 570 2676 Veneris
585 2617 730 2694 praesidio
746 2619 829 2677 ferox

249 2701 352 2761 Pectes
368 2701 528 2761 caesariem
543 2708 684 2779 grataque
700 2700 816 2762 feminis

248 2785 353 2846 lnbeNi
369 2786 478 2847 cithara
494 2786 623 2847 carmina
638 2785 757 2862 divides,

325 2871 509 2950 Nequiquam
525 2871 651 2931 tbalamo
666 2873 761 2950 gravis

248 3007 352 3068 llastas
367 3016 396 3067 et
411 3006 513 3066 calami
527 3007 640 3088 spicula
655 3008 754 3070 Cnosii

249 3090 360 3153 Vitabis
375 3092 590 3170 strepitumque
605 3103 635 3152 et
649 3093 775 3154 celerem
791 3096 874 3174 sequi

248 3177 382 3250 Aiacem3
398 3186 507 3251 tamen,
521 3177 589 3251 beu,
605 3195 689 3239 serus
705 3178 853 3243 adulteros

324 3261 420 3322 Crinis
435 3262 555 3340 pulvere
571 3262 703 3324 collines.

249 3397 314 3456 Non
331 3395 515 3469 Laertiaden,
532 3397 651 3458 exitium
666 3407 733 3458 tuae

250 3481 346 3555 Genti,
364 3500 424 3541 non
442 3481 556 3560 Pylium
572 3482 695 3544 Nestora
711 3485 857 3564 respicis?

250 3566 364 3645 Urgent
378 3566 515 3644 impavidi
530 3577 559 3626 te
574 3567 749 3630 Salaminius

329 3650 454 3725 Teucer,
470 3661 500 3713 te
515 3652 673 3714 Sthenelus
687 3654 785 3716 sciens

124 3770 325 3781 ..φ-.-

159 3853 160 3856 ’
207 3851 254 3902 XV
273 3869 295 3903 u.
315 3855 330 3904 5
349 3850 459 3904 Proteus
477 3855 583 3919 Porplt„
610 3855 691 3907 schol.
720 3855 788 3907 stat.
812 3855 889 3908 Piae.
909 3854 949 3906 Vll
979 3855 1029 3906 330
1057 3855 1063 3922 Ι
1093 3853 1192 3906 9eheu

123 3922 159 3987 (a)
174 3921 178 3990 l
194 3920 226 3974 20
244 3920 328 3972 cultus
348 3922 353 3985 Ι
377 3922 408 3974 21
429 3922 556 3974 excidium
574 3924 609 3987 (v)
630 3923 634 3988 Ι
656 3924 689 3974 22
708 3924 791 3989 gentis
811 3925 815 3990 Ι
836 3924 869 3974 24
886 3921 983 3973 Teucer
1001 3928 1028 3974 et
