2640 4372
124 212 166 270 80
331 227 334 232 '
486 213 660 266 cantilauit
679 214 710 266 ΙΙΙ
728 218 770 268 29.
789 219 831 269 30.

250 386 352 445 Laudo
374 395 562 459 manentem;
586 385 610 445 si
633 386 745 446 celeres
768 388 861 464 quatit

250 471 370 542 Pinnas,
392 471 512 548 resigno
536 488 610 548 quae
632 471 712 530 dedit
734 480 764 530 et
785 489 849 531 mea

176 567 205 616 55
290 555 406 616 Virtute
428 573 475 614 me
497 555 613 615 involvo
636 555 820 634 probamque

346 640 520 718 Pauperiem
543 640 607 701 sine
630 641 698 700 dote
721 659 847 719 quaero:

250 758 316 817 b'on
341 766 386 818 est
408 775 516 830 meum,
539 759 563 818 si
585 758 698 835 mugiat
718 759 825 819 Africis

249 842 341 902 Maius
362 841 510 921 procebis,
532 843 568 902 ad
591 843 713 903 miseras
735 861 840 922 preces

295 926 460 987 Decurrere
484 936 512 986 et
533 927 608 987 votis
631 928 750 1006 pacisci,

176 1021 206 1072 oo
349 1011 391 1070 Ne
415 1011 536 1090 Cypriae
559 1012 724 1090 Tyriaeque
746 1029 860 1072 merces

249 1128 366 1189 Addant
388 1147 476 1188 avaro
499 1130 611 1190 divitias
632 1130 722 1204 mari;

249 1213 324 1273 Tum
348 1231 396 1272 me
420 1212 539 1274 biremis
561 1214 708 1293 praesidio
730 1215 855 1294 scaphae

295 1298 404 1359 Tutum
429 1316 483 1377 per
504 1303 634 1376 Aegaeos
655 1299 799 1359 tumultus

346 1386 426 1443 Aura
448 1384 523 1444 ieret
545 1385 740 1462 geminusque
762 1384 875 1445 Pollux.

630 1669 711 1729 XXX

249 1787 341 1866 Exegi
364 1798 592 1848 monumentum
615 1806 683 1849 aere
707 1788 869 1867 perennius

250 1872 413 1950 Regalique
435 1872 494 1932 situ
516 1874 699 1952 pyramidum
724 1873 819 1943 altius,

250 1956 336 2026 Quod
360 1975 421 2016 non
445 1956 540 2016 imber
562 1957 643 2031 edax,
668 1977 728 2018 non
752 1956 858 2035 Aquilo
881 1956 1030 2035 impotens

249 2041 346 2101 Possit
368 2041 486 2100 diruere
508 2051 558 2101 aut
580 2041 805 2103 innumerabilis

191 2137 205 2184 o
249 2129 406 2186 Annorum
429 2126 520 2187 series
542 2138 572 2187 et
592 2129 662 2206 iuga
683 2137 861 2206 temporum.

248 2210 315 2270 Non
339 2211 436 2271 omnis
457 2212 567 2272 moriar
590 2213 740 2290 multaque
762 2230 831 2291 pars
852 2210 910 2269 mei

249 2293 358 2354 Vitabit
380 2295 548 2367 Libitinam,
572 2316 666 2375 usque
689 2316 743 2375 ego
766 2306 884 2373 postera

251 2379 386 2439 Crescam
409 2380 495 2440 laude
517 2399 638 2442 reeens:
662 2383 731 2442 dum
755 2380 928 2459 Capitolium

250 2463 378 2524 Scandet
402 2483 469 2525 cum
492 2466 579 2526 tacita
601 2467 714 2544 virgine
736 2465 880 2545 pontifex,

177 2558 206 2607 10
247 2548 344 2628 Dicar,
368 2567 426 2627 qua
449 2550 561 2611 violens
584 2551 730 2630 obstrepit
750 2551 873 2610 Aufidus

248 2632 287 2692 Et
309 2651 367 2711 qua
389 2653 504 2713 pauper
525 2654 617 2713 aquae
640 2636 762 2697 Daunus
784 2635 943 2714 agrestium

248 2717 392 2796 Regnavit
414 2721 593 2798 populorum
617 2740 652 2781 ex
675 2720 779 2780 humili
801 2729 908 2798 potens

250 2802 396 2881 Princeps
419 2805 552 2865 Aeolium
576 2824 694 2866 carmen
719 2806 754 2865 ad
777 2804 864 2864 ltalos

248 2885 412 2948 Deduxisse
436 2889 548 2950 modos.
593 2890 683 2949 Sume
705 2888 873 2968 superbiam

178 2980 206 3029 15
250 2969 420 3040 Quaesitam
443 2975 554 3034 meritis
578 2976 699 3034 etmihi
722 2974 862 3053 Delphica

248 3054 346 3115 Lauro
371 3057 458 3135 cinge
480 3058 590 3131 vol'ens,
614 3059 809 3138 Melpomene,
833 3076 956 3119 comam.

207 3220 286 3271 xxix
304 3238 328 3271 o.
348 3223 381 3274 60
401 3222 562 3290 Syriaeque!
578 3226 610 3276 62
629 3229 691 3276 tunc
706 3225 710 3291 Ι
727 3228 759 3277 ot
776 3225 841 3276 ferat
859 3226 894 3290 (a)

124 3287 280 3418 [tu-52&
299 3305 324 3340 o.
352 3293 388 3354 [2]
416 3293 433 3341 b
459 3292 464 3357 Ι
491 3295 578 3358 Ssqq.
606 3307 702 3356 recens,
729 3292 788 3344 dum
813 3322 846 3330 -
872 3292 998 3359 pontifex.
1028 3290 1097 3342 dicar
1124 3290 1159 3341 al.
1191 3290 1194 3359 i
