2640 4372
529 233 702 286 condutta
720 234 753 286 tv
772 239 797 290 9.

642 405 682 464 lX

250 523 294 583 Nc
317 525 393 583 lorte
415 523 518 584 credas
538 524 694 583 interitura
717 542 793 601 quae

252 608 356 686 Longe
378 618 534 669 sonantem
556 618 643 669 natus
664 608 701 669 ad
722 611 860 669 Aufidum

297 693 363 754 Non
386 704 455 754 ante
477 694 605 771 volgatas
627 712 681 772 per
703 694 774 754 artis

349 778 444 838 l'erba
464 779 573 856 loquor
593 778 731 839 socianda
753 780 886 840 chordis:

195 908 210 956 5
251 897 330 968 Non,
352 898 376 956 si
400 898 514 976 priores
536 897 689 957 llaeonius
711 907 794 957 tenet

252 983 343 1042 Sedes
366 982 522 1051 Homerus,
545 982 716 1042 Pindaricae
739 982 831 1043 latent

298 1065 431 1146 Ceaeque
454 1077 484 1126 et
505 1067 604 1127 Alcaei
627 1068 755 1127 minaces

348 1152 568 1231 Stesichorique
589 1170 692 1230 graves
714 1150 870 1225 Camenae,

249 1270 310 1331 Nec
331 1271 428 1348 siquid
451 1272 521 1331 olim
543 1271 612 1331 lusit
634 1275 790 1330 Anacreon

180 1366 207 1415 ιθ
251 1355 361 1415 notent
383 1365 470 1427 aetas,
493 1357 586 1435 spirat
607 1355 703 1415 adhuc
725 1374 809 1414 amor

298 1441 463 1518 Viruntque
486 1441 625 1502 conmissi
647 1440 760 1500 calores

349 1527 467 1587 ,leoliae
490 1526 597 1587 fidibus
618 1525 743 1605 puellae.

250 1643 316 1703 b'on
339 1645 400 1704 sola
423 1656 557 1724 comptos
579 1646 649 1705 arsit
671 1643 795 1705 adulteri

250 1727 345 1789 Crinis
367 1738 397 1789 et
418 1749 523 1791 aurum
545 1730 675 1791 vestibus
697 1729 815 1789 inlitum

178 1823 207 1872 15
297 1813 400 1874 llirata
423 1815 588 1893 regalisque
611 1816 708 1875 cultus

350 1899 387 1959 Et
409 1901 532 1960 comites
555 1899 667 1960 Helene
690 1899 822 1959 Lacaena

251 2016 403 2077 Primusve
425 2018 540 2078 Teucer
562 2019 619 2077 tela
642 2018 772 2097 Cydonio

250 2101 361 2162 Direxit
383 2120 463 2174 arcu,
487 2121 548 2163 non
571 2103 662 2163 semel
685 2102 754 2162 llios

300 2186 414 2258 Vexata,
438 2206 499 2247 non
523 2188 664 2266 pugnant
686 2188 792 2266 ingens

180 2281 208 2331 to
350 2271 525 2333 Idomeneus
549 2272 740 2333 Sthenelusve
762 2270 843 2331 solus

254 2389 381 2449 Dicenda
405 2390 495 2452 blusis
518 2391 638 2470 proelia,
662 2410 722 2451 non
746 2391 830 2449 ferox

251 2474 360 2533 Hector
381 2475 427 2536 vel
449 2495 517 2536 acer
539 2476 710 2555 deiphobus
732 2476 828 2553 gravis

297 2558 422 2639 Excepit
443 2562 518 2622 ictus
541 2580 595 2638 pro
618 2561 734 2640 pudicis

350 2645 531 2724 Coniugibus
553 2648 712 2724 puerisque
735 2645 862 2724 primus:

179 2771 209 2822 25
252 2762 355 2823 Vixere
378 2766 470 2826 lortes
491 2774 559 2824 ante
581 2767 803 2842 Agamemnona

250 2846 343 2920 ltntu,
365 2851 415 2909 sed
439 2868 543 2909 omnes
566 2849 791 2909 inlacrimabiles

300 2931 448 3011 [rgentur
469 2935 622 3012 ignotique
647 2935 733 3012 longa

347 3018 451 3090 Nocte,
474 3031 576 3079 carent
598 3020 664 3096 quia
687 3029 751 3078 rate
774 3035 867 3078 sacro.
893 3051 930 3061 -

252 3134 373 3194 Paulum
396 3137 527 3215 sepultae
550 3137 638 3198 distat
659 3138 781 3198 inertiae

179 3229 208 3278 ‘ao
252 3218 349 3278 Celata
372 3222 471 3282 virtus.
516 3223 580 3282 bon
605 3241 659 3300 ego
683 3223 806 3283 lemeis

297 3302 412 3368 Chartis
434 3308 604 3368 inornatum
627 3308 730 3379 silebo,

350 3392 440 3453 Totve
463 3403 529 3454 tuos
553 3394 647 3472 patiar
669 3394 785 3453 labores

125 3525 329 3534 ᾖ.-

209 3640 240 3692 111
266 3657 288 3691 υ.
314 3644 330 3692 l
352 3641 443 3708 loquar
467 3643 470 3703 l
495 3645 510 3694 8
530 3642 702 3698 Stesichoriue
727 3647 731 3713 Ι
755 3649 771 3698 9
796 3645 833 3695 sic
856 3649 884 3695 ut
902 3646 974 3707 (tacte
992 3645 1025 3694 A.
1044 3642 1194 3693 Hert-mann

123 3709 189 3760 sicul
207 3709 253 3773 al.)
270 3710 351 3760 schol.
372 3710 433 3764 Ver.
452 3710 533 3775 Verg.
551 3712 598 3765 eol.
617 3717 640 3775 6,
661 3717 682 3777 1,
706 3717 753 3763 aba·
772 3714 922 3763 Horatiana
947 3714 1012 3762 buco
1033 3714 1127 3777 poetae
1149 3726 1194 3761 no·

123 3780 192 3826 minc
214 3793 269 3827 nou
292 3777 384 3828 addito
407 3779 504 3841 afferri
526 3781 589 3830 olim
612 3781 743 3831 indicauit
759 3781 978 3833 Schneidewinus
1001 3785 1052 3831 oct.
1072 3779 1122 3830 titt.
1141 3779 1193 3829 Ion.

123 3847 204 3962 {⁸⁴⁸1
221 3848 278 3906 153,
297 3847 356 3909 tito)
380 3846 384 3913 Ι
409 3850 438 3897 ll
457 3848 604 3915 primusque
625 3847 630 3914 Ι
653 3851 684 3901 19
704 3865 749 3900 nec
767 3854 801 3915 (3)
818 3851 822 3917 Ι
838 3853 870 3903 29
888 3849 979 3900 inertia
998 3849 1066 3899 coni.
1085 3846 1192 3914 Bentll

143 3916 152 3963 l
173 3914 242 3964 sieri
