2640 4372
552 215 680 269 neubon
698 221 723 273 4.
742 223 765 271 5.

637 390 674 449 lV

250 504 340 585 Lupis
363 513 392 564 et
414 505 497 585 agnis
519 516 627 584 quanta
651 509 755 569 sortito
780 510 883 588 obtigit

296 589 408 651 Tecum
430 590 500 650 mibi
524 590 667 652 discordia
689 603 743 667 est,

251 674 396 736 Hibericis
418 685 537 755 peruste
560 678 681 738 lunibus
702 678 777 739 latus

296 759 335 820 Et
357 778 442 821 crura
466 761 538 821 dura
560 762 718 841 compede;

250 845 331 906 Licet
352 845 500 924 superbus
522 846 655 907 ambules
676 848 810 927 pecunia,

296 930 426 990 Fortuna
451 950 510 991 non
534 941 627 992 mutat
648 951 752 1011 genus.

251 1016 385 1090 Videsne,
408 1033 517 1076 sacram
543 1017 683 1078 metiente
705 1028 734 1079 te
757 1018 830 1077 viam

297 1103 369 1165 Cum
390 1099 437 1160 bis
457 1101 547 1161 trium
570 1104 706 1162 ulnarum
729 1115 806 1181 toga,

251 1188 287 1249 Ut
309 1205 360 1249 ora
382 1194 475 1246 vertat
497 1187 555 1247 huc
578 1196 607 1247 et
628 1188 686 1248 buc
709 1189 841 1249 euntium

294 1270 457 1333 Liberrima
479 1270 665 1350 indignatio?

247 1351 365 1419 ‘Seetus
387 1356 509 1435 flagellis
531 1357 578 1416 bic
601 1358 830 1419 triumviralibus

296 1442 455 1503 Praeconis
478 1440 512 1500 ad
536 1442 682 1502 fastidium

250 1531 319 1589 Aret
341 1526 458 1588 Falerni
481 1526 559 1586 mille
582 1526 665 1587 fundi
689 1527 788 1604 iugera

295 1613 333 1673 Et
354 1612 478 1691 Appiam
502 1611 619 1672 mannis
640 1611 710 1671 terit

251 1697 454 1776 sedilibusque
476 1715 602 1775 magnus
624 1697 653 1756 in
677 1697 778 1775 primis
800 1715 891 1777 eques

297 1783 415 1843 Othone
437 1790 608 1860 contempto
630 1780 720 1842 sedet.

252 1867 327 1939 Quid
349 1869 452 1928 attinet
475 1878 518 1928 tot
542 1885 592 1926 ora
616 1867 732 1927 navium
757 1867 835 1947 gravi

296 1953 429 2014 Rostrata
451 1953 518 2013 duci
540 1952 674 2030 pondere

250 2037 357 2099 Contra
380 2040 509 2099 latrones
532 2046 620 2116 atque
642 2036 774 2098 servilem
798 2054 917 2096 manum

296 2123 369 2196 Hoc,
391 2124 449 2183 boc
470 2122 592 2184 tribuno
614 2115 776 2183 militnm?'

649 2428 670 2482 V

247 2544 298 2609 ‘Aa
320 2568 337 2608 o
360 2543 481 2605 deorum
506 2544 647 2622 quidquid
670 2545 699 2603 in
725 2543 804 2603 caelo
828 2543 902 2621 regit

296 2633 403 2694 Terras
425 2638 454 2689 et
475 2630 636 2690 humanum
660 2647 764 2706 genus

251 2718 327 2790 Quid
349 2717 404 2777 iste
426 2715 484 2774 lert
505 2711 670 2775 tumultus‘l
693 2721 722 2773 et
745 2711 814 2791 quid
839 2711 971 2771 omnium

297 2802 400 2863 Voltus
422 2799 452 2859 in
475 2818 568 2859 unum
592 2819 638 2858 me
660 2795 779 2858 truces?

251 2890 308 2950 Per
328 2886 438 2948 liberos
461 2893 499 2958 te,
522 2886 546 2945 si
568 2893 668 2945 vocata
691 2881 835 2963 partubus

296 2973 408 3034 Lucina
430 2970 506 3030 veris
528 2969 629 3042 adfuit,

252 3060 309 3120 Per
329 3059 387 3119 hoc
408 3057 498 3116 inane
520 3072 670 3135 purpurae
693 3055 783 3114 decus
805 3068 921 3131 precor,

297 3144 354 3204 Per
376 3139 610 3219 improbaturum
633 3141 705 3200 haee
727 3138 835 3209 lovem,

252 3228 329 3299 Quid
351 3236 384 3289 ut
406 3243 531 3287 noverca
555 3245 602 3286 me
623 3225 746 3285 intueris
768 3232 819 3282 aut
841 3221 883 3281 uti

299 3313 394 3373 Petita
417 3313 495 3372 lerro
519 3302 641 3371 belna?'

140 3448 145 3455 .
252 3397 291 3458 Ut
312 3397 384 3458 baec
406 3397 545 3457 trementi
568 3403 688 3473 questus
712 3411 763 3453 ore
786 3390 918 3453 constitit

298 3481 468 3562 Insignibus
490 3481 581 3561 raptis
603 3497 686 3558 puer,

125 3654 330 3661 ————-

209 3767 242 3819 lV
261 3785 284 3819 v.
303 3769 318 3820 8
337 3768 422 3829 trium]
448 3767 474 3821 θ.
496 3767 583 3817 Bartb
605 3766 707 3817 advers.
726 3765 776 3816 uiv
801 3766 842 3823 26,
865 3761 963 3813 Bentl:
989 3764 1027 3810 ter
1054 3758 1058 3821 Ι
1088 3758 1117 3808 1ἵ
1137 3769 1195 3805 aera

123 3840 157 3889 oi.
176 3836 263 3888 Bentl.

211 3903 233 3954 V
252 3921 276 3955 o.
297 3907 308 3958 1
328 3905 395 3970 regis
413 3904 448 3967 (o)
464 3901 468 3970 Ι
485 3904 499 3954 3
519 3907 562 3953 aut
