2640 4372
399 974 947 1072 CARMINUM

543 1158 636 1211 LIBER
653 1157 801 1210 Taurios,

671 1330 680 1388 1

265 1449 321 1508 Odi
337 1448 494 1526 profanum
513 1448 616 1525 volgus
630 1457 660 1507 et
675 1465 770 1508 arceo.

264 1533 369 1592 Favete
385 1531 508 1609 linguisl
525 1532 654 1591 carmina
673 1551 732 1591 nou
749 1533 832 1611 prius

311 1617 415 1677 Audita
431 1616 581 1676 Musarum
598 1617 734 1676 sacerdos

363 1700 532 1779 Virginibus
548 1701 707 1780 puerisque
724 1712 820 1762 canto.

263 1819 376 1897 Regum
392 1819 590 1878 timendorum
608 1819 636 1878 in
654 1820 791 1898 proprios
806 1837 920 1900 greges,

263 1903 360 1983 Reges
375 1904 404 1964 in
421 1905 501 1982 ipsos
520 1904 675 1984 imperium
693 1913 737 1964 est
752 1904 835 1978 lovis,

311 1989 386 2049 Clari
403 1989 546 2068 Giganteo
564 1989 724 2068 triumpho,

363 2074 473 2134 Cuncta
489 2074 605 2153 superc'
622 2074 647 2134 'o
664 2073 817 2134 moventis.
835 2109 874 2118 -

263 2192 315 2252 Est
329 2202 362 2252 ut
376 2192 437 2251 viro
453 2193 497 2252 vir
511 2192 597 2252 latius
613 2192 731 2252 ordinet

263 2276 388 2336 Arbusta
404 2276 503 2348 sulcis,
520 2277 566 2336 hic
582 2277 755 2354 generosior

310 2361 474 2427 descendat
488 2361 518 2420 in
536 2379 672 2438 campum
688 2361 806 2438 petitor,

361 2444 493 2505 Moribus
510 2444 556 2503 hic
571 2444 735 2520 meliorque
750 2447 824 2504 sama

266 2561 439 2633 Contendat‚
457 2559 497 2620 illi
512 2560 599 2619 turba
615 2559 765 2620 clientium

265 2647 310 2707 Sit
326 2645 435 2705 maior:
450 2662 543 2722 aequa
559 2644 622 2722 lege
637 2645 799 2706 Necessitas

313 2730 443 2791 Sortitur
458 2728 581 2806 insignis
597 2739 626 2789 et
640 2730 723 2802 imos,

363 2814 459 2876 Omne
475 2832 565 2893 capax
581 2823 677 2874 movet
692 2833 767 2874 urna
785 2834 904 2876 nomen.

263 2932 426 2993 Destrictus
442 2931 521 2992 ensis
536 2931 583 2991 cui
599 2951 687 3010 super
703 2932 790 3010 impia

263 3017 380 3078 Cervice
395 3017 514 3095 pendet,
532 3034 593 3077 non
609 3017 723 3077 Siculae
738 3018 827 3095 dapes

310 3102 430 3162 dulcem
447 3101 640 3161 elaborabunt
655 3119 800 3180 saporem,

358 3187 423 3246 Non
441 3187 536 3246 avium
552 3187 739 3263 citharaeque
755 3195 860 3247 cantus

263 3305 406 3365 Somnum
423 3307 575 3366 reducent.
607 3305 737 3364 Somnus
753 3305 910 3382 agrestium

262 3389 351 3450 Lenis
366 3391 494 3451 virorum
513 3409 573 3450 non
591 3388 707 3449 humilis
724 3390 826 3450 domos

312 3474 433 3536 Fastidit
448 3477 676 3551 umbrosamque
693 3474 796 3552 ripam,

359 3561 424 3620 Non
441 3560 584 3639 Zephyris
599 3560 703 3637 agitata
721 3559 842 3638 Tempe.
858 3593 899 3602 -

135 3695 334 3703 --——-—...

219 3809 228 3860 1
246 3826 269 3860 n.
289 3813 304 3862 9
323 3816 378 3862 esto
397 3813 430 3861 ci.
448 3811 531 3862 Beati.

184 3902 297 3944 Horatius.
