2640 4372
387 206 617 262 EPISTULARUM
635 209 643 259 i
663 209 687 260 3.
705 211 729 260 4.
749 211 772 260 5.

128 381 193 454 Quo
216 390 246 441 te
269 380 403 441 caelestis
425 381 568 460 sapientia
592 381 723 452 duceret,
745 380 814 441 ires.

128 465 192 528 Hoc
215 483 300 544 opus,
323 466 380 526 boc
402 466 532 527 studium
555 465 636 545 parvi
659 484 855 545 properemus
877 477 906 526 et
928 467 1026 546 ampii,

129 551 160 612 Si
182 551 292 631 patriae
313 551 459 624 volumus,
482 553 506 612 si
529 550 616 612 nobis
639 551 734 611 rivere
756 550 825 611 cari.
848 585 890 595 -

129 636 225 698 Debes
245 636 304 696 hoc
326 635 413 697 etiam
436 636 610 709 rescribere,
633 636 671 697 sit
693 635 745 696 tibi
769 654 867 706 curae,
1088 647 1117 698 30

130 720 264 792 Quantae
287 722 453 794 conveniat,
477 721 642 796 Munatium
665 739 702 781 an
726 722 899 782 malesarta

130 805 229 867 Gratia
252 807 433 884 nequiquam
457 807 517 867 coit
539 816 568 866 et
590 805 770 866 rescinditur
792 824 825 866 ac
847 825 899 866 vos

131 891 188 952 Seu
213 890 323 951 calidus
346 891 467 970 sanguis
489 910 541 953 seu
565 909 663 952 rerum
688 891 803 952 inscitia
826 899 909 952 vexat

132 975 276 1037 indomita
300 976 414 1036 cervice
436 975 536 1038 feros?
559 976 739 1055 ubicumque
762 977 894 1037 locorum

132 1060 240 1132 Viritis,
264 1060 378 1139 indigni
401 1061 564 1122 fraternum
587 1079 727 1140 rumpere
749 1063 863 1133 foedus,

131 1145 265 1207 Pascitur
286 1145 317 1205 in
341 1155 470 1207 vestrum
494 1147 619 1207 reditum
642 1148 734 1207 votiva
757 1147 889 1207 iuvenca.

567 1399 604 1459 lv

132 1518 207 1590 Albi,
231 1525 402 1577 nostrorum
425 1535 596 1578 sermonum
620 1518 743 1579 candide
766 1519 862 1591 iudex,

133 1602 209 1674 Quid
233 1620 316 1662 nunc
337 1612 367 1662 te
389 1602 482 1663 dicam
506 1604 602 1664 facere
624 1604 656 1663 in
679 1604 801 1683 regione
826 1602 963 1664 Pedana?

134 1687 271 1749 Scribere
294 1688 372 1765 quod
396 1687 474 1749 Cassi
497 1689 664 1749 Parmensis
687 1689 828 1768 opuscula
849 1691 956 1761 vincat,

134 1777 177 1834 An
200 1772 321 1833 tacitum
346 1773 430 1833 siivas
452 1773 530 1833 inter
553 1782 669 1852 reptare
690 1774 824 1849 salubris,

134 1858 292 1919 Curantem
315 1857 457 1936 quidquid
481 1859 602 1937 dignum
626 1859 758 1939 sapiente
780 1859 922 1939 bonoque
945 1857 1011 1920 est?

135 1945 199 2005 Nou
223 1952 255 2003 tu
278 1960 387 2022 corpus
410 1961 474 2004 eras
496 1944 560 2005 sine
583 1952 719 2025 pectore:
743 1944 771 2005 di
794 1945 848 2006 tibi
871 1947 1003 2017 formam,

115 2029 170 2090 >Di
192 2027 245 2088 tibi
268 2026 380 2088 divitias
402 2029 548 2089 dederunt
570 2038 721 2107 artemque
747 2031 873 2092 fruendi.

136 2112 211 2184 Quid
235 2121 336 2173 voveat
358 2113 436 2174 dulci
459 2114 606 2176 nutricula
629 2116 723 2177 maius
744 2116 875 2187 alumno,
936 2134 938 2137 ·

136 2197 193 2268 Qui
216 2215 320 2278 sapere
344 2208 372 2258 et
394 2198 448 2258 fari
472 2201 564 2278 possit
587 2219 662 2278 quae
685 2201 792 2262 sentiat
814 2210 843 2262 et
866 2202 913 2262 cui

138 2283 247 2354 Gratia,
268 2283 353 2356 fama,
376 2284 510 2344 valetudo
533 2287 687 2363 contingat
709 2285 827 2347 abunde
1095 2294 1123 2345 10

136 2367 173 2427 Et
193 2367 322 2428 mundus
344 2369 436 2428 victus
460 2388 519 2429 non
544 2370 699 2430 deficiente
721 2369 877 2431 crumina?

136 2452 217 2512 inter
239 2471 321 2532 spem
344 2471 513 2532 curamque,
536 2455 656 2514 timores
679 2454 757 2514 inter
779 2463 808 2514 et
830 2455 887 2515 iras

138 2537 265 2598 Omnem
288 2539 375 2598 crede
398 2539 474 2598 diem
496 2538 550 2599 tibi
574 2538 711 2600 diluxisse
734 2557 921 2618 supremum:

140 2623 227 2683 Grata
250 2623 439 2703 superveniet
462 2642 536 2702 quae
560 2643 619 2684 non
643 2623 812 2702 sperabitur
833 2623 914 2684 bora.

139 2708 184 2767 Me
207 2707 348 2786 pinguem
372 2716 401 2768 et
423 2708 548 2770 nitidum
571 2709 648 2770 bene
671 2717 769 2768 curata
793 2717 860 2769 cute
882 2710 968 2781 vises,
1097 2717 1124 2767 15

137 2792 210 2853 Cum
233 2792 329 2853 ridere
350 2794 431 2855 voles
453 2793 573 2873 Epicuri
597 2795 632 2854 de
655 2812 744 2874 grege
766 2812 901 2874 porcum.

527 3056 529 3058 ’
575 3047 599 3110 V

139 3164 169 3225 Si
192 3172 277 3244 potes
299 3165 448 3228 Archiacis
470 3168 590 3228 conviva
613 3167 787 3228 recumbere
810 3167 892 3228 lectis

139 3250 199 3310 Nec
222 3248 336 3310 modica
359 3269 466 3312 cenare
488 3253 574 3313 times
596 3252 683 3312 bolu's
706 3270 794 3312 omne
816 3253 930 3331 patella,

140 3335 286 3414 Supremo
309 3342 339 3396 te
361 3334 422 3396 sole
444 3337 533 3410 domi,
557 3337 716 3414 Torquate,
738 3338 874 3397 manebo.

141 3419 214 3480 Vina
236 3418 319 3481 bibes
340 3421 447 3481 iterum
471 3422 568 3482 Tauro
591 3422 696 3483 diffusa
718 3422 855 3500 palustris

141 3503 223 3565 inter
244 3504 410 3566 Minturnas
433 3506 703 3585 Sinuessanumque
726 3507 888 3568 Petrinum.

144 3755 173 3807 ΙΙΙ
190 3773 214 3808 v.
233 3757 264 3808 33
283 3759 421 3819 sen-neu]
439 3758 486 3820 (v):
504 3757 640 3810 heu-heu
658 3759 701 3821 (=
713 3759 764 3821 13⁰)

144 3823 176 3874 lV
193 3841 218 3877 o.
237 3827 252 3875 5
273 3824 419 3891 bonumque
436 3826 470 3888 (v)
486 3823 491 3893 Ι
506 3830 521 3879 6
541 3825 590 3878 eris
601 3826 799 3888 Pr‘aedicooc'm,
818 3825 961 3877 Horkelius
979 3824 1050 3876 nnat.
1063 3825 1128 3876 Hor.

85 3933 86 3941 ,
108 3894 156 3944 139
167 3908 223 3957 sqq.
240 3891 245 3960 t
261 3895 275 3944 7
294 3893 416 3946 dederant
433 3894 469 3958 (o)
484 3894 489 3962 Ι
505 3898 534 3949 11
555 3899 581 3946 et
598 3893 689 3946 modus
707 3897 733 3946 et
750 3896 786 3960 (υ)
801 3896 805 3960 1
822 3896 853 3946 16
872 3891 953 3956 voles,
972 3894 1005 3944 at.
1045 3914 1046 3917 ¹
