2640 4372
146 191 209 250 230
525 196 566 249 DE
584 197 671 250 ARTE
690 198 837 252 Puuutuu.

230 367 355 429 Difficile
378 378 422 429 est
444 370 565 449 proprie
588 372 756 430 communia
779 372 886 444 dicere,
908 383 1001 452 tuque

230 453 350 515 Rectius
372 454 493 514 Iliacum
516 473 634 515 carmen
658 456 778 518 deducis
800 457 830 516 iu
854 466 936 519 actus

145 544 187 596 1³0
231 538 324 609 Quam
348 540 372 600 si
394 542 544 619 proferres
567 541 667 618 ignota
689 541 858 620 indictaque
880 543 1004 622 primus.

230 623 351 685 Publica
374 626 509 685 materies
530 626 634 704 privati
657 627 730 687 iuris
753 627 816 698 erit,
840 627 864 688 si

231 709 296 769 Non
321 710 397 770 circa
420 710 506 771 vilem
530 711 724 790 patulumque
746 711 911 774 moraberis
934 713 1037 774 orbem

230 793 291 854 Nec
314 795 404 855 verbo
427 795 550 856 verbum
573 795 691 857 curabis
713 797 836 857 reddere
859 799 934 859 fidus

231 878 383 960 interpres
406 899 462 940 nec
484 881 600 941 desilies
622 881 752 941 imitator
775 883 804 942 in
828 891 935 957 artum,

233 964 318 1026 Unde
339 966 444 1045 pedem
467 967 603 1044 proferre
626 966 724 1044 pudor
745 976 823 1027 vetet
844 978 895 1028 aut
917 968 1015 1046 operis
1038 969 1094 1028 lex.

230 1049 291 1111 Nec
314 1052 356 1112 sic
380 1051 514 1130 incipies,
537 1059 569 1110 ut
591 1051 721 1129 scriptor
742 1052 871 1132 cyclicus
893 1052 963 1112 olim

227 1129 401 1196 ‘Fortunam
427 1136 534 1196 Priami
559 1136 685 1197 cantabo
709 1147 738 1197 et
761 1137 860 1197 nobile
883 1127 1021 1211 bellum’;

230 1219 307 1290 Quid
330 1222 452 1300 dignum
476 1228 559 1281 tanto
583 1222 656 1282 feret
678 1221 726 1282 hic
748 1223 911 1301 promissor
934 1220 1036 1284 biatu?

229 1305 399 1367 Parturient
421 1316 548 1378 montes,
572 1316 710 1367 nascetur
732 1307 874 1369 ridiculus
897 1325 970 1367 mus.

228 1389 345 1460 Quanto
369 1393 478 1452 rectius
499 1393 556 1462 hic,
578 1391 629 1470 qui
653 1391 694 1451 nil
716 1393 835 1452 molitur
857 1393 967 1471 inepte,

227 1467 295 1537 ‘uic
318 1478 398 1548 mibi,
422 1477 513 1549 Musa,
536 1477 641 1548 virum,
665 1487 767 1556 captae
790 1489 859 1556 post
879 1486 1013 1556 tempora
1036 1477 1141 1539 Troiae

228 1560 285 1631 Qui
309 1581 406 1622 mores
430 1564 582 1623 bominum
605 1563 766 1623 multorum
790 1563 859 1623 vidit
881 1574 911 1623 et
933 1557 1033 1624 urbis.²

228 1645 294 1707 Non
320 1648 432 1708 fumum
455 1667 489 1708 ex
514 1648 639 1726 fulgore,
663 1648 713 1708 sed
737 1667 772 1708 ex
796 1649 877 1709 fumo
901 1648 970 1707 dare
993 1648 1090 1709 lucem

230 1730 353 1811 Cogitat,
377 1743 410 1793 ut
432 1734 564 1812 speciosa
587 1733 694 1794 debinc
717 1733 857 1795 miracula
880 1741 1006 1813 promat,

230 1818 410 1897 Antiphaten
435 1818 620 1899 Scyllamque
643 1827 672 1878 et
695 1837 762 1880 oum
786 1817 914 1899 Cyclope
938 1818 1131 1897 Charybdim3

228 1901 289 1962 Nec
312 1904 437 1963 reditum
462 1904 611 1963 Diomedis
634 1903 669 1963 ab
694 1904 815 1965 interitu
839 1904 977 1982 Meleagri

226 1986 287 2046 Nec
309 1988 428 2066 gemino
451 1987 560 2048 bellum
584 1988 745 2048 Troianum
769 1988 884 2049 orditur
905 1989 941 2049 ab
965 2005 1036 2061 ovo;

229 2071 352 2151 Semper
374 2073 410 2131 ad
433 2082 570 2131 eventum
595 2073 714 2133 festinat
737 2075 817 2134 etin
841 2074 952 2135 medias
974 2092 1021 2134 res

226 2156 293 2217 Non
316 2175 402 2217 secus
424 2174 458 2216 ac
481 2165 565 2216 notas
588 2157 753 2218 auditorem
777 2159 854 2238 rapit
875 2169 904 2219 et
926 2177 1002 2237 quae

225 2241 368 2320 Desperat
389 2248 512 2301 tractata
534 2242 679 2302 nitescere
701 2261 788 2320 posse
811 2243 961 2322 relinquit,

226 2327 323 2406 Atque
344 2327 384 2386 ita
407 2325 560 2400 mentitur,
584 2328 627 2387 sio
648 2328 726 2388 veris
748 2327 820 2388 falsa
843 2329 990 2401 remiscet,

226 2411 325 2472 Primo
348 2432 386 2474 ne
408 2411 547 2486 medium,
571 2412 667 2473 medio
691 2432 728 2473 ne
751 2413 900 2492 discrepet
921 2414 1023 2474 imum.
1047 2447 1088 2456 -

228 2496 272 2557 Tu
297 2499 365 2577 quid
389 2516 444 2577 ego
467 2507 497 2558 et
518 2497 647 2577 populus
669 2516 787 2559 mecum
810 2499 957 2560 desideret
978 2498 1055 2570 audi,

229 2583 260 2642 Si
281 2583 408 2663 plosoris
431 2602 499 2662 eges
521 2583 622 2643 aulaea
645 2584 792 2644 manentis
815 2593 845 2644 et
868 2602 963 2662 usquc

228 2667 353 2743 Sessuri,
376 2669 472 2729 donec
494 2679 599 2729 cantor
619 2661 682 2729 ‘vos
705 2665 843 2747 plaudite'
869 2668 958 2728 dicat:

226 2753 336 2814 Aetatis
357 2754 502 2832 cuiusque
526 2753 648 2814 notandi
671 2761 740 2814 suut
762 2753 815 2813 tibi
838 2772 936 2814 mores

226 2836 442 2918 Mobilibusque
465 2840 564 2911 decor,
589 2839 712 2899 maturis
735 2840 848 2900 dandus
871 2848 901 2899 et
923 2838 1019 2899 annis.

227 2922 361 2984 Reddere
384 2925 434 3003 qui
457 2942 544 2984 voces
566 2925 623 2983 iam
647 2924 704 2984 scit
726 2942 802 3002 puer
824 2932 853 2983 et
876 2922 951 3002 pede
975 2930 1055 2984 certo

227 3007 331 3086 Signat
352 3010 486 3080 humum,
509 3009 597 3087 gestit
618 3008 740 3089 paribus
763 3009 925 3070 conludere
949 3017 978 3068 et
999 3008 1072 3067 iram

230 3092 359 3172 Conligit
380 3113 413 3154 ac
435 3094 521 3172 ponit
543 3102 655 3154 temere
678 3103 707 3154 et
729 3103 861 3154 mutatur
882 3093 912 3152 in
937 3093 1034 3153 horas.

227 3177 372 3239 inberbus
394 3179 508 3240 iuvenis
530 3181 650 3240 tandem
673 3180 796 3240 custode
820 3187 935 3239 remoto

227 3261 340 3322 Gaudet
362 3265 445 3341 equis
468 3264 650 3343 canibusque
673 3274 702 3324 et
724 3265 817 3344 aprici
839 3262 973 3342 gramine
996 3261 1102 3341 campi,

228 3346 337 3407 Cereus
359 3349 387 3407 iu
413 3349 512 3408 vitium
536 3350 622 3421 flecti,
647 3350 846 3410 monitoribus
869 3366 966 3427 asper,

227 3432 348 3493 Utilium
371 3434 472 3494 tardus
495 3435 640 3513 provisor,
664 3435 806 3514 prodigus
828 3433 915 3506 aeris,

224 3700 249 3736 o.
265 3687 312 3738 133
326 3686 432 3737 uerbum
444 3684 524 3736 uerbo
540 3685 544 3749 Ι
561 3687 609 3737 136
622 3685 721 3752 cyclius
734 3687 769 3750 (u)
785 3687 788 3749 Ι
807 3686 855 3738 139
869 3684 1013 3749 parturiunt
1024 3685 1060 3749 (o)
1075 3685 1079 3746 Ι
1097 3687 1146 3736 153
1158 3702 1220 3750 sqq.

139 3750 207 3802 audi.
226 3756 256 3816 (e.
275 3754 357 3817 audi:)
376 3753 402 3804 Si
416 3792 423 3805 .
437 3793 443 3804 .
456 3751 539 3815 dicat,
558 3753 593 3804 al.
609 3756 613 3816 1
630 3757 679 3805 154
697 3754 844 3821 plausoris!
862 3755 909 3806 151
929 3749 1044 3821 maturis]
1062 3757 1098 3816 (u)
1115 3753 1220 3806 umet:

139 3821 237 3871 naturis
255 3838 270 3871 u
289 3822 349 3886 (Alf
371 3823 481 3873 confert.
507 3837 575 3886 spec.
602 3821 636 3872 tv
664 3822 765 3889 Grypo.
786 3823 851 3876 1887
878 3837 905 3887 p.
925 3820 1025 3886 Vleqq.
1049 3825 1076 3872 et
1099 3822 1162 3874 adn.
1184 3823 1222 3873 ad

139 3887 164 3936 t.
184 3887 201 3937 l.
218 3889 223 3954 Ι
241 3891 285 3941 161
306 3890 544 3953 inberbus1=B⁰:
563 3890 676 3941 inberbis
