2640 4372
521 214 711 267 sarlnnuuu
730 217 738 266 l
758 220 782 268 l.
1130 217 1192 276 135

206 389 272 460 Quo
295 396 473 467 personatus
495 397 581 465 pacto
604 395 698 463 paler.
743 388 803 455 His,
827 405 881 461 ego
905 407 979 466 quae
1003 408 1094 460 nunc,

208 474 282 535 Olim
305 490 382 550 quac
403 473 521 550 scripsit
544 471 684 543 Lucilius,
707 473 813 550 eripias
835 473 858 532 si

206 558 351 638 Tempora
375 566 453 617 certa
475 556 637 634 modosque
653 566 682 616 ct
698 559 775 634 quod
792 557 874 634 prius
891 557 994 617 ordine
1010 559 1130 621 verbum
1147 572 1192 622 est

207 643 357 704 Posterius
378 642 476 716 iacias,
499 660 688 720 praeponens
711 641 811 701 ultima
836 642 938 719 primis
961 676 973 686 -

207 727 282 800 Non,
305 736 338 787 ut
360 727 383 787 si
406 728 499 788 solvas
519 719 688 804 ‘postquam
713 727 861 786 Discordia
885 736 976 786 taetra
1164 742 1194 790 uo

207 812 277 873 Belli
300 814 425 873 lerratos
448 812 541 891 postis
564 821 722 889 portasque
746 802 872 887 refregit'
900 845 927 882 -‚

207 898 341 957 lovenias
364 897 452 957 etiam
475 897 588 957 disiecti
612 897 744 956 membra
767 906 882 974 poetae.
905 931 946 940 -

207 982 358 1043 Hactenus
380 982 467 1042 haec:
490 982 560 1041 alias
583 982 691 1040 iustum
714 982 752 1041 sit
775 999 869 1041 necne
893 999 1007 1059 poema,

206 1066 293 1128 Nunc
314 1067 386 1128 illud
409 1075 522 1127 tantum
546 1085 695 1143 quaeram,
718 1067 864 1126 meritone
888 1066 939 1125 libi
963 1066 1000 1126 sit

206 1151 383 1231 Suspectum
407 1170 501 1231 genus
523 1152 580 1210 hoc
603 1152 762 1211 scribendi.
805 1151 922 1211 Sulcius
945 1170 1012 1210 acer

207 1236 344 1298 Ambulat
365 1246 395 1296 et
418 1236 549 1315 Caprius,
573 1237 654 1296 rauci
677 1237 752 1296 male
775 1255 902 1315 cumque
925 1235 1040 1307 libellis,

204 1322 329 1400 Magnus
352 1331 476 1399 uterque
499 1322 588 1381 timor
611 1322 790 1394 latronibus3
814 1331 843 1381 at
867 1323 941 1381 liene
964 1321 1055 1399 siquis

206 1407 243 1467 Et
263 1407 338 1466 vivat
359 1406 442 1484 puris
464 1407 610 1475 manibus,
634 1416 806 1465 contemnat
829 1417 997 1484 utrumque.

206 1492 243 1553 Ut
264 1493 304 1553 sis
327 1500 358 1551 tu
381 1491 483 1551 similis
506 1489 582 1551 Caeli
607 1491 741 1568 Birrique
765 1490 924 1561 latronum,

205 1576 270 1636 Non
293 1594 349 1655 ego
372 1576 426 1636 sim
450 1576 535 1653 Capri
559 1594 656 1652 neque
680 1576 776 1634 Sulci:
799 1594 853 1634 cur
875 1585 988 1637 metuas
1011 1574 1080 1636 me?

205 1661 288 1723 Nulla
312 1661 434 1721 taberna
457 1679 539 1720 meos
562 1660 668 1719 lrabeat
690 1679 787 1737 neque
810 1660 867 1738 pila
891 1661 1014 1732 libellos

206 1746 277 1817 Quis
299 1764 405 1806 manus
426 1745 544 1805 insudet
566 1745 642 1821 volgi
667 1745 922 1823 Hermogenisque
945 1744 1057 1823 Tigelli,

206 1831 266 1891 Nec
289 1831 381 1891 recito
405 1830 542 1908 cuiquam
567 1831 621 1889 nisi
645 1829 744 1890 amicis
768 1831 854 1907 idque
878 1838 1007 1900 coactus,

206 1915 270 1976 Non
295 1915 390 1975 ubivis
413 1933 547 1975 coramve
571 1915 760 1993 quibuslibet.
805 1914 837 1975 ln
862 1913 958 1974 medio
981 1915 1032 1991 qui

207 2000 320 2079 Scripta
343 2001 408 2059 loro
432 2000 557 2059 recitent
579 2010 649 2061 sunt
671 2001 754 2059 multi
778 2001 888 2078 quique
911 1999 1049 2069 lavantes,
1072 2062 1079 2077 ,
1166 2010 1194 2059 15

206 2084 299 2146 Suare
322 2084 405 2144 locus
429 2085 491 2145 voci
515 2096 633 2145 resonat
656 2086 824 2146 conclusus.
869 2085 969 2146 lnanis

207 2169 269 2229 lloc
291 2170 380 2242 iurat,
404 2170 479 2230 haud
503 2170 573 2229 illud
599 2172 778 2248 quaerentis,
802 2188 873 2231 num
897 2171 961 2230 sine
984 2189 1084 2242 sensu,

205 2253 351 2332 Tempore
375 2273 446 2314 uum
471 2255 579 2316 saciant
601 2256 707 2315 alieno.
741 2250 884 2315 ‘Laedere
907 2245 1024 2332 gaudes'

149 2374 154 2381 ·
206 2338 304 2417 lnquit
323 2332 367 2399 ‘et
390 2340 446 2399 hoc
469 2340 565 2399 studio
589 2358 695 2418 pravus
718 2332 806 2400 lacis?
855 2340 939 2400 Unde
963 2340 1086 2418 petitum

207 2423 270 2484 Hoc
292 2425 322 2483 in
346 2442 393 2483 me
415 2423 507 2485 iacis?
530 2434 572 2484 est
596 2435 700 2484 auctor
723 2426 788 2501 quis
811 2424 938 2500 denique
961 2442 1074 2496 corum,

206 2507 268 2569 Vixi
292 2527 358 2568 cum
382 2507 512 2586 quibus?
553 2503 724 2568 ‘Alisontem
750 2509 799 2586 qui
823 2509 899 2567 rodit
923 2509 1058 2579 amicum,

207 2592 265 2663 Oui
288 2613 348 2652 non
372 2593 504 2653 defendit
526 2594 582 2652 alio
606 2592 753 2670 culpante,
776 2593 887 2652 solutos

207 2677 264 2746 0111
287 2686 384 2757 captat
406 2679 482 2738 risus
505 2679 659 2737 hominum
683 2679 848 2754 famamque
872 2676 988 2749 dicacis

206 2761 331 2841 Fingere
355 2763 405 2840 qui
431 2782 488 2822 non
513 2764 571 2824 visa
596 2773 702 2841 potest,
725 2763 872 2822 conmissa
891 2772 989 2821 tacere

206 2845 263 2916 uui
286 2848 397 2925 nequit,
420 2848 468 2908 hic
492 2849 577 2927 niger
600 2858 652 2921 est,
675 2848 755 2908 hunc
778 2857 819 2917 tu,
844 2847 985 2918 Romane,
1008 2836 1125 2907 caveto?
1164 2856 1193 2907 85

208 2930 301 3009 Saepe
324 2932 420 2992 tribus
442 2933 524 2993 lectis
545 2935 643 2993 rideas
666 2952 771 2993 cenare
795 2942 965 3010 quaternos,

206 3014 230 3074 E
254 3016 361 3094 quibus
383 3035 462 3078 unus
484 3029 549 3077 aret
571 3019 671 3095 11111111
693 3019 869 3097 adspergere
892 3024 1016 3078 cunctos

207 3100 327 3161 Praeter
343 3119 419 3175 eum,
437 3104 487 3180 qui
503 3104 625 3181 praebet
640 3121 761 3181 aquam;
782 3104 944 3182 posthunc
960 3120 1078 3181 quoque
1094 3109 1191 3181 potus,

206 3182 328 3245 Condita
352 3205 418 3247 curn
441 3207 527 3247 verax
551 3189 645 3266 aperit
667 3189 837 3267 praecordia
861 3188 957 3247 Liber.

206 3269 261 3330 Hie
284 3271 336 3331 tibi
360 3273 452 3332 cornis
476 3283 503 3334 et
527 3274 657 3333 urbanus
680 3274 813 3351 liberque
837 3273 959 3345 ridetur,
1165 3279 1195 3328 91)

205 3353 315 3416 lolesto
339 3356 447 3434 nigris;
470 3377 524 3435 ego
547 3359 570 3418 si
594 3360 655 3431 risi,
678 3359 756 3436 quod
780 3359 899 3435 ineptus

206 3553 238 3604 lV
256 3571 279 3606 υ.
299 3557 331 3607 62
350 3557 465 3607 invenies
484 3561 578 3622 Porpli.
595 3557 599 3627 Ι
616 3559 735 3623 discerpti
754 3558 842 3616 idem!
859 3559 890 3607 63
911 3571 1008 3621 poema.
1028 3554 1062 3604 al.
1079 3552 1083 3619 Ι
1101 3555 1191 3603 691111

121 3622 150 3673 V
160 3623 165 3687 l
181 3620 254 3688 Byrri
264 3623 306 3687 (v),
325 3629 353 3674 at
363 3641 386 3675 v.
397 3625 430 3677 D.
443 3624 578 3684 Dellofsen
592 3627 674 3676 letrae
686 3625 801 3677 Nolizcn
813 3627 856 3674 ild.
869 3626 959 3687 einiga
972 3618 1192 3686 (1111111111οὴνίίῖ-

119 3690 209 3740 stalle?
232 3690 276 3740 des
301 3692 402 3741 Plinium
428 3694 608 3744 Glueclrstodii
633 3697 693 3747 1881
718 3695 777 3758 p.3
805 3694 809 3756 Ι
838 3695 870 3743 ’16
894 3707 949 3741 sum
977 3692 980 3753 Ι
1008 3691 1040 3740 ’13
1060 3704 1109 3739 non
1129 3689 1165 3750 (v)
1187 3687 1192 3754 Ι

121 3760 153 3811 76
171 3758 258 3825 inquis
282 3759 286 3821 Ι
311 3761 341 3812 81
358 3752 577 3813 ‘Absentem-85
596 3759 704 3824 caveto']
728 3762 883 3810 aduersario
903 3759 1010 3808 Horatii
1027 3758 1123 3806 merito
1143 3757 1191 3805 tri-

119 3828 179 3877 buit
197 3826 228 3877 H.
247 3825 317 3877 chlr
334 3833 384 3878 cet.
400 3843 494 3893 gpmn.
513 3847 537 3878 α.
558 3833 622 3882 1856
639 3847 664 3894 p.
685 3832 776 3893 uoosq.
802 3833 805 3881 l
832 3830 907 3890 Slsq.
927 3825 1000 3887 redit,
1019 3824 1128 3874 amicum
1147 3823 1191 3890 qui

119 3908 171 3947 11111
190 3894 394 3945 Doederleiniur
412 3895 533 3958 (Keclu'us
551 3899 568 3947 l.
587 3899 614 3959 l.)
631 3897 634 3965 l
651 3900 681 3949 87
701 3906 769 3947 amet
787 3900 821 3957 (el
