2640 4372
224 188 264 246 40
596 186 767 240 usuhluuu
784 188 804 240 11
825 190 863 243 12.
884 191 922 242 13.

283 369 313 420 sa
357 360 429 421 Cum
445 359 597 438 flagrantia
613 359 769 435 detorquet
784 358 818 418 ad
835 359 934 419 osenla

355 444 501 506 Cervieem
518 452 566 504 aut
583 442 658 503 facili
675 441 791 519 saevitia
807 453 903 522 negat,

353 529 433 600 Quae
449 538 591 608 poscente
606 528 698 605 magis
713 526 836 605 gaudeat
851 529 935 607 eripi,

429 613 582 674 Interdum
596 630 700 691 rapere
717 609 864 690 occupet?

727 998 794 1058 Xlii

354 1119 405 1178 ilie
422 1128 451 1178 et
467 1118 581 1178 nefasto
598 1127 626 1178 te
642 1117 740 1196 posuit
755 1116 810 1187 die,

354 1203 542 1280 Quicumque
557 1202 696 1281 primum,
713 1210 742 1261 et
756 1199 896 1279 sacrilega
913 1219 1001 1262 manu

404 1287 554 1358 Produxit,
572 1286 669 1359 arboS,
685 1286 714 1346 in
732 1293 874 1362 nepotum

453 1371 616 1432 Perniciem
633 1369 886 1452 opprobriumque
902 1370 984 1449 pagi;

295 1501 309 1550 5
356 1489 441 1550 illum
459 1501 488 1550 et
503 1491 633 1569 parentis
648 1488 822 1550 crediderim
838 1488 882 1548 sui

357 1574 494 1658 Fregisse
510 1574 652 1635 cervicem
669 1583 698 1633 et
714 1572 875 1652 penetralia

401 1659 549 1738 Sparsisse
566 1669 714 1720 nocturno
731 1675 837 1718 cruore

453 1744 599 1823 Hospitis;
615 1743 662 1803 ille
678 1761 790 1803 venena
807 1741 913 1803 Colcha

355 1861 393 1923 Et
409 1861 549 1939 quidquid
567 1878 691 1939 usquam
708 1859 876 1937 coneipitur
890 1861 974 1921 nefas

285 1956 311 2006 tu
356 1945 511 2016 Tractavit,
528 1963 598 2025 agro
615 1947 665 2023 qui
681 1944 782 2005 statuit
798 1962 863 2003 meo

403 2030 445 2090 Te
461 2030 545 2091 triste
560 2029 683 2109 iignum,
699 2039 728 2088 te
744 2028 887 2088 caducum

455 2115 489 2175 iu
507 2114 618 2175 domini
635 2122 723 2192 eaput
738 2112 920 2173 inmerentis.
937 2147 976 2155 —

356 2230 432 2301 Quid
450 2232 575 2310 quisque
591 2232 670 2305 vitet,
687 2249 846 2309 numquam
864 2231 976 2291 homini
992 2230 1062 2291 satis

355 2315 479 2377 Cautum
495 2326 539 2377 est
553 2317 584 2376 io
601 2317 703 2377 horas:
722 2316 816 2376 navita
832 2315 1019 2394 Bosphorum

291 2411 319 2460 15
404 2401 523 2461 Poenus
539 2402 737 2480 perhorrescit
752 2420 849 2480 neque
865 2401 940 2460 ultra

451 2485 541 2547 Caeca
557 2487 641 2547 timet
656 2486 773 2546 aliunde
790 2486 856 2557 iata,

354 2601 436 2664 Miles
452 2605 570 2682 sagittas
585 2615 614 2666 et
630 2605 754 2666 celerem
772 2605 870 2683 sugam

352 2687 463 2763 Parthi,
479 2699 597 2751 catenas
613 2690 738 2750 Parthus
753 2698 781 2749 et
795 2688 900 2749 italum

400 2772 512 2849 Robur,
528 2782 578 2835 sed
594 2774 752 2852 improvisa
768 2773 817 2832 ieti

281 2866 310 2915 au
457 2859 504 2919 Vis
520 2859 618 2937 rapuit
632 2857 783 2934 rapietque
798 2856 904 2935 gentis.
920 2888 960 2898 -

311 3106 353 3158 Xli
371 3124 395 3159 o.
414 3109 446 3158 25
465 3104 525 3158 dum
544 3108 578 3170 (a)
594 3105 598 3170 Ι
615 3107 645 3157 m
665 3109 804 3172 poscente,
823 3107 851 3156 H
856 3106 890 3148 23
909 3106 952 3174 Vl
977 3110 1086 3173 occupat
1103 3107 1139 3172 (u)

310 3174 362 3225 Xlll
380 3191 403 3224 v.
424 3179 435 3226 1
456 3173 509 3237 lile]
528 3173 595 3224 Maio
614 3174 723 3225 Servius
741 3175 772 3224 de
789 3179 864 3226 metr.
883 3176 946 3226 Hor.
961 3191 989 3240 p.
1009 3178 1067 3237 416,
1086 3175 1166 3228 2411.
1190 3175 1196 3244 Ι
1222 3179 1304 3246 susq.

227 3241 370 3309 Bosporum
388 3245 458 3306 (gen.
476 3243 534 3295 soil.
550 3242 620 3307 plur.
645 3242 765 3308 epompio
788 3243 850 3292 talia
872 3242 977 3303 formae
998 3246 1028 3294 in
1046 3245 1109 3295 Hor.
1133 3247 1306 3299 carminibus

228 3314 309 3361 anion
337 3314 448 3360 notante
474 3308 672 3369 Hirschfeldero
698 3315 775 3363 nnat.
811 3327 872 3362 ann.
896 3311 1023 3364 Bursian.
1050 3313 1092 3375 55,
1116 3311 1174 3376 106)
1201 3327 1304 3378 poenas

230 3379 310 3431 W.H.
321 3378 436 3429 Boaoher
454 3393 517 3430 ann.
526 3379 592 3443 phil.
606 3380 667 3439 135,
686 3381 735 3431 616
747 3395 801 3443 sqq.
813 3377 920 3445 Bospori
938 3394 1035 3444 poenas
1053 3381 1085 3430 A.
1098 3379 1205 3431 Palmae·
1222 3382 1304 3436 elau.

228 3449 369 3510 aeviaeui,
391 3447 463 3508 1891,
485 3461 511 3510 p.
532 3449 579 3498 142
603 3446 608 3512 Ι
634 3449 664 3498 15
683 3444 790 3514 Thynos
808 3447 890 3511 (quod
906 3446 1028 3498 Thoenus
1047 3453 1073 3498 et
1090 3446 1193 3499 Toenus
1216 3452 1305 3503 amia·

227 3515 345 3579 peierat)
374 3513 521 3563 Meinelrias
548 3531 582 3564 ea·
608 3516 641 3569 ai.
665 3514 833 3565 hardmanni
859 3513 894 3575 es.
918 3515 1051 3579 Ber-gisiae
1074 3515 1141 3580 phil.
1160 3517 1202 3580 28,
1220 3519 1274 3570 449
1295 3523 1303 3586 Ι

163 3629 166 3634 .
231 3584 263 3634 16
282 3582 388 3633 timetve
407 3581 555 3632 Meinekias
573 3599 607 3632 ea·
625 3585 657 3632 ai.
676 3583 850 3647 hardmanni,
869 3581 968 3646 quies.
987 3584 1024 3633 ad
1040 3583 1120 3634 Lacr.
1139 3582 1159 3634 li
1178 3585 1210 3636 m
1231 3586 1304 3638 obla.

229 3654 325 3713 quante
338 3649 508 3700 Fleckeiseno
521 3665 584 3702 ann.
601 3651 667 3714 phil,
685 3652 733 3714 61,
759 3652 803 3711 66;
823 3651 945 3716 timetque
965 3651 998 3702 M.
1008 3652 1066 3701 Aut
1078 3651 1163 3703 Vesta.
1177 3651 1264 3717 Spar.
1283 3668 1304 3720 p

231 3718 279 3768 112
303 3720 307 3777 Ι
334 3719 364 3769 18
378 3717 472 3768 cateias
485 3717 515 3767 H.
525 3716 619 3781 Bange
632 3717 720 3768 Kritik
737 3732 764 3768 n.
777 3718 852 3771 Brut.
872 3721 976 3783 aini'ger
990 3718 1061 3769 Odon
1075 3719 1119 3769 dea
1130 3720 1162 3771 H.
1176 3719 1303 3785 (Omnia.

228 3786 303 3848 1811)
321 3801 346 3850 p.
367 3788 440 3849 ieq.;
460 3784 565 3851 Speijer
584 3787 650 3836 iona
667 3789 763 3836 satura
784 3786 936 3850 (Amrteiod.
959 3788 1033 3849 1886)
1057 3803 1085 3853 p.
1104 3789 1190 3853 23eq,
1214 3793 1245 3840 at
1262 3786 1302 3851 at.

227 3850 253 3903 C.
265 3852 406 3903 Haebariin
420 3855 487 3917 phil.
505 3855 572 3906 Ana.
593 3855 666 3918 1881,
685 3856 708 3917 2,
726 3855 784 3916 169)
