2640 4372
124 170 187 230 232
502 170 544 223 bu
562 169 651 223 ARTE
668 169 815 224 Pouxrcx.

211 343 250 404 Ut
272 344 372 405 redeat
394 343 519 417 miseris,
543 343 628 405 abeat
649 343 782 405 Fortuna
804 342 949 422 superbis

214 426 298 488 Tibia
320 447 392 502 non,
414 438 448 489 ut
470 447 561 502 nunc,
585 429 734 490 oricbalco
756 428 853 489 vincta
876 429 1025 506 tubaeque

213 513 345 589 Aemula,
368 515 418 575 sed
441 515 539 575 tenuis
560 514 743 592 simplexque
765 513 911 574 foramine
933 531 1030 592 pauco

212 598 371 678 Adspirare
394 607 423 659 ot
445 599 546 660 adesse
569 599 668 660 choris
689 607 752 660 erat
774 599 853 659 utilis
875 608 964 677 atque

126 694 169 746 205
212 684 351 745 Nondum
373 684 466 764 spissa
490 684 578 745 nimis
600 684 750 763 complere
771 683 873 745 sedilia
895 685 976 755 flatu,

212 767 279 839 Ouo
302 787 373 830 sanc
396 769 525 849 populus
547 768 749 843 numerabilis,
771 777 874 847 utpote
897 788 1015 847 parvus,

211 852 249 914 Et
271 854 349 932 frugi
372 864 529 933 castusque
550 854 795 932 verecundusque
819 854 925 914 coibat.

214 939 376 1018 Postquam
399 940 496 1018 eoepit
519 958 605 1018 agros
628 939 786 1000 extendere
808 940 902 1000 victor
924 949 954 1000 et
974 937 1060 1000 urbis

215 1023 314 1085 latior
336 1025 472 1104 amplecti
494 1043 598 1086 murus
618 1025 748 1103 vinoque
769 1023 879 1084 diurno

128 1119 170 1169 210
213 1109 326 1170 Placari
349 1109 462 1171 Genius
484 1110 565 1171 lestis
587 1110 708 1188 impune
730 1109 843 1183 diebus,

215 1195 347 1255 Accessit
370 1195 562 1273 numerisque
586 1194 740 1273 modisque
762 1194 879 1255 licentia
901 1194 1004 1254 maior.

216 1280 358 1340 Indoctus
381 1279 451 1358 quid
475 1280 553 1340 enim
577 1287 693 1358 saperet
715 1279 849 1358 liberque
871 1279 1006 1340 laborum

214 1364 354 1426 Rusticus
376 1364 491 1425 urbano
514 1365 665 1437 confusus,
689 1365 784 1444 turpis
806 1362 955 1425 honesto?

216 1450 264 1511 Sic
285 1449 399 1529 priscae
422 1459 594 1528 motumque
617 1460 647 1510 et
667 1451 812 1511 luxuriem
836 1449 945 1510 addidit
966 1449 1021 1509 arti

131 1543 173 1593 200
216 1534 339 1595 Tibicen
363 1535 509 1613 traxitque
532 1553 623 1613 vagus
644 1554 699 1615 per
720 1535 833 1615 pulpita
856 1542 982 1609 vestem3

218 1620 266 1681 Sic
289 1620 376 1680 etiam
400 1620 507 1681 fidibus
529 1638 616 1681 voces
638 1639 757 1681 crevere
778 1620 887 1680 severis

216 1705 252 1765 Et
276 1705 343 1765 tulit
365 1705 514 1783 eloquium
538 1706 688 1767 insolitum
712 1705 849 1766 facundia
871 1722 1016 1784 praeceps

216 1789 398 1869 Utiliumque
420 1809 506 1869 sagax
530 1810 630 1852 rerum
652 1800 682 1852 et
703 1791 800 1850 divina
823 1790 915 1851 luturi

219 1875 374 1954 Sortilegis
397 1895 458 1936 non
482 1876 645 1954 discrepuit
666 1876 813 1938 sententia
837 1875 966 1955 Delphis.
990 1907 1030 1917 -

134 1970 177 2020 220
221 1961 356 2021 Carmine
379 1961 429 2039 qui
452 1962 563 2040 tragico
586 1961 671 2021 vilem
694 1960 815 2023 certavit
837 1959 876 2020 ob
899 1960 1023 2032 hircum,

216 2046 284 2106 blox
307 2045 395 2105 ctiam
417 2047 540 2123 agrestis
562 2046 681 2125 Satyros
703 2046 822 2106 nudavit
844 2052 873 2106 et
895 2063 982 2124 asper

218 2129 363 2190 lncolumi
387 2129 527 2208 gravitate
548 2130 646 2190 iocum
669 2131 821 2209 temptavit
842 2149 888 2204 eo,
911 2130 990 2208 quod

219 2213 382 2275 Inlecebris
404 2223 467 2274 erat
489 2223 519 2275 ct
541 2224 623 2294 grata
645 2215 775 2276 novitate
797 2215 960 2276 morandus

219 2301 375 2379 Spectator
396 2300 575 2378 functusque
598 2299 689 2361 sacris
712 2309 741 2360 ct
762 2309 852 2379 potus
874 2310 903 2361 et
926 2301 1017 2361 exlex.

131 2392 175 2444 225
219 2385 326 2446 Verum
349 2385 389 2446 ita
410 2385 529 2459 risores,
552 2385 590 2446 ita
613 2386 821 2447 commendare
845 2385 952 2446 dicacis

221 2469 385 2532 Conveniet
407 2471 536 2550 Satyros,
560 2471 597 2531 ita
619 2479 733 2531 vertere
755 2471 831 2532 seria
853 2470 933 2542 ludo,

219 2557 263 2618 Ne
287 2556 466 2635 quicumque
488 2557 570 2628 deus,
592 2557 773 2634 quicumque
794 2554 983 2616 adhibebitur
1005 2555 1103 2626 beros,

221 2641 322 2720 Regali
347 2650 526 2721 conspectus
548 2642 578 2701 in
603 2659 676 2702 auro
699 2659 797 2720 nuper
819 2648 848 2701 et
871 2650 962 2713 ostro,

222 2726 328 2804 lligret
350 2727 381 2786 in
405 2727 546 2788 obscuras
568 2726 671 2786 bumili
695 2744 835 2787 sermone
856 2725 995 2786 tabernas

137 2818 180 2870 200
223 2812 290 2884 Aut,
313 2812 384 2871 dum
406 2813 476 2873 vitat
498 2813 630 2883 humum,
655 2810 744 2872 nubis
766 2820 795 2871 et
817 2810 915 2871 inania
938 2817 1044 2889 captet.

223 2895 348 2957 Ellutire
371 2897 441 2958 levis
464 2896 585 2975 indigna
608 2897 756 2974 tragoedia
778 2914 888 2969 versus,

222 2980 260 3040 Ut
282 2981 364 3043 lestis
385 2990 520 3042 matrona
543 2982 655 3042 moveri
676 2981 754 3043 iussa
777 2980 891 3054 diebus,

222 3065 362 3126 Intererit
384 3067 495 3146 Satyris
516 3067 647 3146 paullum
671 3065 844 3145 pudibunda
866 3065 1020 3145 protervis.

222 3150 289 3211 Non
313 3169 368 3230 ego
392 3151 529 3212 inornata
552 3162 581 3213 et
602 3152 784 3213 dominantia
808 3152 928 3212 nomina
950 3149 1045 3211 solnm

137 3244 180 3295 200
223 3233 389 3314 Verbaque,
412 3235 545 3310 Pisones,
569 3238 741 3317 Satyrorum
763 3236 891 3316 scriptor
914 3234 1027 3309 amabo,

224 3319 285 3381 Nec
307 3320 350 3381 sic
373 3321 468 3382 enitar
490 3322 603 3400 tragico
625 3323 745 3383 differre
768 3321 871 3394 colori,

224 3404 263 3466 Ut
286 3405 359 3466 nihil
382 3405 507 3481 intersit,
530 3408 665 3468 Davusne
689 3407 828 3485 loquatur
850 3417 880 3467 et
901 3406 996 3466 audax

223 3490 350 3570 Pythias,
373 3502 512 3553 emuncto
534 3492 644 3554 lucrata
667 3491 788 3553 Simone
810 3491 963 3567 talentum,

223 3579 268 3636 An
293 3585 394 3638 custos
416 3577 602 3656 famulusque
624 3575 670 3638 dei
693 3576 812 3638 Silenus
834 3576 955 3638 alumni.

136 3709 337 3723 *—

222 3811 245 3846 o.
265 3797 312 3848 201
341 3794 452 3848 Fortuna
480 3795 539 3845 H-P
561 3795 621 3846 Alf:
646 3796 747 3849 fortuna
773 3791 780 3866 Ι
806 3797 856 3850 202
883 3795 968 3847 iuncta
993 3794 997 3862 Ι
1021 3795 1071 3846 203
1098 3807 1182 3860 paruo
1207 3794 1216 3863 l

138 3862 188 3915 214
205 3861 329 3915 luxuriam
346 3864 350 3931 Ι
367 3866 414 3918 237
434 3865 469 3927 et]
486 3886 520 3906 ==
537 3862 585 3916 B⁰;
605 3879 638 3915 an
