2640 4372
435 181 607 235 conminuet
625 183 658 234 tv
678 188 701 237 9.
722 187 761 239 to.
782 188 820 238 11.

219 356 354 434 Impune,
377 354 462 425 Lolli,
484 372 606 433 carpere
629 355 727 416 lividas

220 440 399 502 Obliviones.
443 439 496 499 Est
517 440 632 501 animus
654 440 706 500 tibi

264 525 438 603 Rerumque
460 524 592 603 prudens
615 533 643 585 et
666 526 802 587 secundis

316 608 513 689 Temporibus
535 609 690 688 dubiisque
713 621 836 685 rectus‚'

218 727 330 789 Vindex
353 745 455 788 avarae
478 727 589 788 fraudis
612 739 641 788 et
662 728 816 790 abstinens

219 813 361 876 Ducentis
382 811 417 872 ad
440 831 472 873 se
494 823 601 873 cuncta
624 814 767 892 pecuniae

266 897 434 976 Consulque
457 916 517 958 non
542 897 630 959 unius
652 899 739 971 anni;

317 982 374 1043 Sed
397 982 535 1060 quotiens
557 982 654 1044 bonus
678 994 765 1061 atque
789 983 863 1045 fidus

220 1100 309 1163 ludex
331 1102 489 1161 honestum
512 1102 650 1181 praetulit
673 1102 745 1172 utttt,

220 1185 331 1246 Reiecit
352 1185 410 1245 alto
434 1185 511 1246 dona
534 1187 705 1247 nocentium

265 1270 362 1343 Voltu‚
386 1288 440 1348 per
463 1270 606 1332 obstantis
631 1281 760 1333 catervas

315 1354 464 1434 Explicuit
485 1373 537 1416 sua
560 1356 653 1418 victor
675 1374 763 1416 arma.
788 1390 828 1400 ·-

220 1473 284 1535 Non
307 1473 508 1553 possidentem
529 1474 621 1536 multa
643 1475 790 1536 vocareris

220 1558 310 1619 Recte
333 1559 468 1633 beatum3
490 1561 600 1621 rectius
623 1570 748 1639 occupat

266 1643 380 1704 Nomen
404 1644 489 1719 beati,
514 1646 564 1723 qui
587 1645 709 1705 deorum

316 1728 491 1791 Muneribus
513 1730 664 1810 sapienter
686 1731 728 1789 uti

220 1846 389 1924 duramque
412 1847 496 1908 callet
517 1848 688 1928 pauperiem
711 1848 772 1928 pati

221 1930 367 2010 Peiusque
389 1932 448 1993 leto
471 1932 610 2012 flagitium
633 1934 725 2008 timet,

267 2016 332 2076 Non
356 2016 405 2078 iile
427 2036 482 2096 pro
505 2020 580 2080 caris
602 2019 703 2080 amicis

318 2102 376 2163 but
398 2103 490 2181 patria
513 2105 631 2164 timidus
654 2105 761 2184 perire.

617 2324 643 2383 X

227 2439 251 2499 0
275 2440 401 2502 crudelis
423 2444 518 2503 adbuc
541 2453 570 2502 et
591 2443 714 2503 Veneris
737 2442 911 2502 muneribus
933 2452 1049 2520 potens,

223 2523 375 2603 insperata
397 2537 464 2588 tuae
488 2545 553 2588 curn
577 2527 675 2586 reniet
696 2527 795 2605 pluma
818 2526 974 2604 superbiae

223 2608 262 2668 Et
283 2627 358 2687 quae
381 2632 462 2673 nunc
485 2612 594 2673 umeris
616 2611 772 2671 involitant
794 2611 957 2671 deciderint
980 2629 1090 2685 comae,

225 2694 311 2754 Nunc
334 2698 437 2775 etqui
460 2698 543 2758 color
566 2705 610 2758 est
631 2696 774 2775 puniceae
797 2696 870 2756 flore
892 2695 975 2775 prior
997 2715 1091 2770 rosae,

225 2778 361 2856 Mutatus,
386 2782 419 2842 Li
440 2783 536 2855 drino,
560 2782 589 2841 in
613 2782 717 2842 faciem
740 2781 860 2841 verterit
881 2780 1035 2859 hispidam,
1114 2793 1128 2841 5

225 2864 311 2924 Dices
329 2857 416 2928 ‘haut
457 2869 594 2946 quotiens
616 2878 645 2926 te
668 2867 787 2946 speculo
810 2866 915 2926 videris
938 2865 1071 2938 alterum,

223 2940 317 3018 ‘Quae
340 2971 425 3013 mens
447 2963 492 3014 ost
512 2953 609 3027 bodie,
633 2970 686 3012 our
709 2953 809 3013 eadem
832 2970 892 3011 non
916 2970 1010 3030 puero
1032 2952 1087 3012 suit

226 3032 278 3093 Vel
300 3051 353 3096 cur
375 3038 420 3098 bis
441 3039 546 3100 animis
569 3039 731 3098 incolumes
755 3056 815 3097 non
838 3037 964 3097 redeunt
985 3031 1116 3116 genae?'

610 3258 648 3316 xt

226 3372 279 3434 Est
301 3375 369 3435 mibi
394 3394 506 3437 nonum
530 3376 696 3454 superantis
720 3392 831 3434 annum

225 3457 335 3520 Plenus
358 3460 462 3520 Albani
486 3461 584 3535 cadus,
608 3472 651 3522 est
674 3461 703 3520 in
727 3460 823 3533 horto,

226 3543 328 3623 Phylli,
352 3546 505 3607 nectendis
526 3546 623 3625 apium
647 3545 773 3618 coronis,

301 3629 354 3691 Est
376 3631 501 3691 hederae
523 3632 565 3691 vis

185 3794 218 3846 tx
236 3812 259 3847 v.
279 3799 311 3848 52
330 3797 424 3864 peribit

76 3870 79 3875 ⁴
183 3863 206 3914 Χ
224 3881 248 3915 o.
269 3868 283 3917 5
302 3864 431 3932 Ligurine]
449 3867 484 3929 (o)
505 3866 667 3930 Torrentius,
685 3867 783 3918 Bentl.:
801 3864 947 3931 Ligurinum
964 3864 968 3929 Ι
988 3865 1003 3914 6
1021 3863 1047 3914 in
1065 3860 1169 3928 speculo
