2640 4372
123 215 183 273 140

135 569 164 620 95

142 3328 171 3377 tt

503 213 693 266 sententium
710 215 719 265 l
738 217 762 266 b.
781 218 804 267 6.

210 385 365 447 Flentibus
387 386 457 446 binc
480 385 584 447 Varius
606 384 730 445 discedit
752 395 879 447 maestus
901 386 1011 449 amicis.

207 471 280 531 indo
302 470 404 531 Rubos
425 471 495 531 lessi
516 469 716 549 pervenimus,
739 480 842 549 utpote
865 471 988 549 longum

209 557 371 634 carpentes
393 556 449 616 iter
472 564 501 615 et
523 557 631 615 lactum
656 557 824 634 corruptius
846 556 944 616 imbri.

208 641 326 701 Postera
349 649 507 720 tempestas
530 640 643 711 melior,
666 640 710 699 via
733 641 817 719 peior
839 640 875 700 ad
897 660 993 721 usque

209 726 274 786 Bari
298 726 413 786 moenia
436 725 553 804 piscosi.
599 724 672 784 Dein
697 724 800 785 Gnatia
823 725 951 805 lymphis

208 811 292 871 lratis
314 819 461 871 exstructa
483 811 563 870 dedit
585 809 720 887 risusque
743 811 893 888 iocosque,

210 896 284 956 Dum
308 896 423 955 [lamma
446 896 509 956 sine
532 904 598 954 tura
620 894 784 972 liquescere
807 895 908 955 limine
931 914 1016 957 sacro

209 980 390 1041 Persuadere
413 980 503 1058 cupit.
549 979 654 1039 Credat
676 977 800 1040 iudaeus
822 980 934 1058 Apella,

210 1066 275 1126 Non
300 1082 369 1143 ego;
394 1082 522 1142 namque
545 1066 616 1124 deos
638 1064 725 1124 didici
747 1083 884 1125 securum
909 1083 997 1143 agere
1020 1083 1120 1126 aevum

209 1151 280 1224 Nec,
303 1149 399 1228 siquid
423 1149 489 1209 miri
512 1150 599 1209 faciat
621 1157 735 1223 natura,
758 1148 829 1209 deos
851 1149 879 1210 id

211 1234 314 1296 Tristis
337 1254 373 1295 ex
396 1234 454 1294 alto
477 1235 548 1295 caeli
573 1233 725 1294 demittere
748 1242 835 1294 tecto.

210 1319 401 1380 Brundisium
423 1320 529 1397 longae
552 1317 620 1378 llnis
642 1318 818 1397 chartaeque
840 1319 963 1397 viaeque
986 1327 1039 1380 est.

211 1709 276 1768 Non
302 1708 379 1786 quia,
401 1707 564 1778 Maecenas,
588 1706 736 1784 Lydorum
759 1706 900 1784 quidquid
925 1705 1066 1769 Etruscos

212 1792 340 1854 lncoluit
361 1792 437 1863 linis,
461 1810 549 1851 nemo
572 1791 746 1869 generosior
769 1799 813 1851 est
835 1801 873 1862 te,

212 1878 272 1939 Nec
295 1878 374 1956 quod
397 1894 467 1937 avus
490 1877 541 1936 tibi
565 1884 716 1935 maternus
739 1876 794 1934 luit
815 1884 904 1953 atque
928 1885 1079 1954 paternus,

217 1963 293 2024 Olim
317 1963 368 2040 qui
389 1961 505 2040 magnis
528 1960 695 2039 legionibus
718 1959 931 2038 imperitarent,

214 2047 252 2107 Ut
275 2047 408 2125 plerique
431 2047 537 2117 solent,
561 2064 633 2106 naso
656 2045 812 2123 suspendis
834 2044 950 2105 adunco

214 2130 347 2209 lgnotos,
371 2141 404 2190 ut
426 2148 472 2190 me
494 2130 633 2190 libertino
656 2141 739 2208 patre
764 2139 873 2189 natum.

213 2215 285 2277 Cum
309 2216 420 2275 referre
445 2234 544 2293 negas
567 2215 645 2293 quali
668 2216 706 2275 sit
728 2215 853 2292 quisque
876 2223 1002 2292 parente
1060 2234 1063 2239 ·

213 2301 314 2372 Natus,
338 2300 407 2360 dum
432 2300 589 2378 ingenuus,
613 2300 774 2379 persuades
796 2300 853 2360 hoc
876 2298 929 2358 tibi
951 2317 1030 2373 vere,

214 2388 290 2446 Ante
313 2393 487 2464 potestatem
511 2385 587 2444 Tulli
610 2396 697 2463 atquc
721 2384 850 2463 ignobile
874 2401 999 2460 regnum

214 2471 321 2531 llultos
343 2490 430 2551 saepe
452 2471 531 2531 viros
554 2470 642 2531 nullis
664 2469 833 2529 maioribus·
846 2479 928 2529 ortos

213 2555 251 2616 Et
270 2556 376 2617 vixisse
398 2555 510 2635 probos
532 2556 636 2634 amplis
659 2565 688 2614 et
712 2554 877 2615 honoribus
900 2562 1018 2629 attctos3

214 2641 322 2702 Contra
344 2641 515 2713 Laevinum,
539 2641 632 2700 Valeri
655 2658 760 2718 genus
783 2638 863 2699 unde
886 2638 1039 2716 Superbus

214 2726 392 2804 Tarquinius
416 2745 509 2805 regno
533 2726 634 2804 pulsus
659 2724 741 2801 lugit,
766 2723 854 2784 unius
877 2723 950 2783 assis

214 2811 278 2870 lton
304 2829 442 2890 umquam
466 2811 561 2889 pretio
584 2810 677 2889 pluris
700 2809 827 2880 licuisse,
850 2818 972 2868 notante

215 2895 323 2968 ludice,
346 2916 406 2975 quo
430 2896 517 2967 nosti,
540 2896 660 2975 populo,
684 2894 734 2972 qui
758 2895 865 2954 stultus
886 2893 1017 2952 bonores

215 2980 308 3058 Saepe
330 2982 378 3041 dat
400 2981 529 3058 indignis
551 2991 580 3040 et
602 2981 695 3039 lamae
718 2978 806 3038 servit
828 2978 956 3055 ineptus,

214 3064 272 3134 Qui
295 3074 394 3143 stupet
415 3065 445 3124 in
469 3064 561 3125 titulis
583 3075 611 3124 et
637 3063 824 3141 imaginibus.
869 3061 946 3132 Quid
969 3071 1088 3140 oportet

214 3148 275 3209 Nos
298 3151 392 3209 lacere
417 3167 432 3208 a
454 3149 539 3225 volgo
563 3150 652 3228 longe
674 3150 823 3227 longeque
845 3144 1000 3206 remotos?

214 3233 346 3311 Namque
370 3244 442 3305 esto,
465 3233 594 3312 populns
617 3234 744 3293 laevino
767 3233 867 3293 mallet
889 3232 1036 3291 honorem

214 3318 308 3388 Quam
332 3319 419 3379 Decio
443 3319 582 3378 mandare
604 3337 681 3378 noro
704 3336 871 3395 censorque
894 3325 1025 3377 moveret

215 3404 337 3482 Appius,
361 3404 491 3482 ingenuo
515 3405 538 3463 si
562 3423 623 3463 non
647 3421 741 3464 essem
765 3412 848 3481 patre
871 3411 959 3462 natus
981 3435 994 3444 -

214 3487 267 3547 Vel
289 3489 402 3559 merito,
426 3489 565 3567 quoniam
588 3490 618 3548 in
643 3488 762 3567 propria
787 3507 847 3547 non
872 3486 949 3565 pelle
970 3484 1117 3563 quiessem
1139 3516 1162 3555 ·,

217 3573 274 3633 Sed
296 3573 427 3650 fulgente
449 3574 536 3633 trabit
560 3574 737 3634 constrictos
760 3572 858 3633 Gloria
882 3589 972 3632 curru

217 3823 236 3871 l'
256 3842 278 3875 a.
298 3826 329 3876 93
349 3824 391 3874 bic
408 3826 442 3888 (o)
458 3823 509 3886 19ῖ
528 3821 620 3874 debinc

215 3890 247 3941 l'l
266 3909 288 3943 o.
307 3896 322 3943 t
341 3892 508 3958 imperitarint
528 3892 532 3956 Ι
553 3893 569 3943 6
588 3893 625 3952 ut]
643 3892 692 3955 tol:
712 3896 754 3943 aut
772 3896 821 3942 otc.
838 3891 843 3957 Ι
861 3892 891 3942 ta
911 3889 960 3942 luit
976 3889 1033 3955 (υΗ
1051 3891 1082 3941 18
1101 3887 1200 3954 lateque
