<?xml version="1.0" encoding="UTF-8"?>
<!DOCTYPE html PUBLIC "-//W3C//DTD XHTML 1.0 Transitional//EN"
    "http://www.w3.org/TR/xhtml1/DTD/xhtml1-transitional.dtd">
<html xmlns="http://www.w3.org/1999/xhtml" xml:lang="en" lang="en">
 <head>
  <title>
</title>
<meta http-equiv="Content-Type" content="text/html;charset=utf-8" />
  <meta name='ocr-system' content='tesseract 3.04.00' />
  <meta name='ocr-capabilities' content='ocr_page ocr_carea ocr_par ocr_line ocrx_word'/>
</head>
<body>
  <div class='ocr_page' id='page_1' title='image "./qhoratiiflaccic01hertgoog_0054.png"; bbox 0 0 2640 4372; ppageno 0'>
   <div class='ocr_carea' id='block_1_1' title="bbox 500 200 830 260">
    <p class='ocr_par' dir='ltr' id='par_1_1' title="bbox 500 200 830 260">
     <span class='ocr_line' id='line_1_1' title="bbox 500 200 830 260; baseline 0.018 -6"><span class='ocrx_word' id='word_1_1' title='bbox 500 202 673 255; x_wconf 75' lang='lat' dir='ltr'><strong>cassnttttutt</strong></span> <span class='ocrx_word' id='word_1_2' title='bbox 690 200 711 254; x_wconf 93' lang='lat' dir='ltr'><strong>ll</strong></span> <span class='ocrx_word' id='word_1_3' title='bbox 730 207 770 258; x_wconf 80' lang='lat'><strong>13.</strong></span> <span class='ocrx_word' id='word_1_4' title='bbox 792 209 830 260; x_wconf 81' lang='lat'><strong>14.</strong></span> 
     </span>
    </p>
   </div>
   <div class='ocr_carea' id='block_1_2' title="bbox 254 375 934 706">
    <p class='ocr_par' dir='ltr' id='par_1_2' title="bbox 254 375 934 706">
     <span class='ocr_line' id='line_1_2' title="bbox 254 375 934 454; baseline 0.001 -19"><span class='ocrx_word' id='word_1_5' title='bbox 254 375 347 446; x_wconf 85' lang='lat' dir='ltr'><strong>Quam</strong></span> <span class='ocrx_word' id='word_1_6' title='bbox 365 392 459 452; x_wconf 91' lang='lat' dir='ltr'><strong>paene</strong></span> <span class='ocrx_word' id='word_1_7' title='bbox 474 375 573 434; x_wconf 82' lang='lat' dir='ltr'><strong>furvae</strong></span> <span class='ocrx_word' id='word_1_8' title='bbox 589 392 682 454; x_wconf 83' lang='lat' dir='ltr'><strong>regna</strong></span> <span class='ocrx_word' id='word_1_9' title='bbox 698 376 893 454; x_wconf 83' lang='lat' dir='ltr'><strong>Proserpinae</strong></span> <span class='ocrx_word' id='word_1_10' title='bbox 931 401 934 406; x_wconf 93' lang='lat'>·</span> 
     </span>
     <span class='ocr_line' id='line_1_3' title="bbox 255 459 766 521; baseline 0.002 -1"><span class='ocrx_word' id='word_1_11' title='bbox 255 459 292 520; x_wconf 88' lang='lat' dir='ltr'><strong>Et</strong></span> <span class='ocrx_word' id='word_1_12' title='bbox 306 459 485 520; x_wconf 88' lang='lat' dir='ltr'><strong>iudicantem</strong></span> <span class='ocrx_word' id='word_1_13' title='bbox 500 459 624 520; x_wconf 88' lang='lat' dir='ltr'><strong>vidimus</strong></span> <span class='ocrx_word' id='word_1_14' title='bbox 639 460 766 521; x_wconf 82' lang='lat' dir='ltr'><strong>Aeacum</strong></span> 
     </span>
     <span class='ocr_line' id='line_1_4' title="bbox 299 543 798 623; baseline 0.002 -20"><span class='ocrx_word' id='word_1_15' title='bbox 299 543 450 620; x_wconf 86' lang='lat' dir='ltr'><strong>Sedcsque</strong></span> <span class='ocrx_word' id='word_1_16' title='bbox 465 543 621 622; x_wconf 89' lang='lat' dir='ltr'><strong>discriptas</strong></span> <span class='ocrx_word' id='word_1_17' title='bbox 636 544 752 623; x_wconf 93' lang='lat' dir='ltr'><strong>piorum</strong></span> <span class='ocrx_word' id='word_1_18' title='bbox 769 554 798 604; x_wconf 90' lang='lat' dir='ltr'><strong>et</strong></span> 
     </span>
     <span class='ocr_line' id='line_1_5' title="bbox 352 627 775 706; baseline 0.007 -20"><span class='ocrx_word' id='word_1_19' title='bbox 352 627 460 688; x_wconf 78' lang='lat' dir='ltr'><strong>Aeoliis</strong></span> <span class='ocrx_word' id='word_1_20' title='bbox 475 627 582 689; x_wconf 88' lang='lat' dir='ltr'>fidibus</span> <span class='ocrx_word' id='word_1_21' title='bbox 599 639 775 706; x_wconf 83' lang='lat' dir='ltr'><strong>querentem</strong></span> 
     </span>
    </p>
   </div>
   <div class='ocr_carea' id='block_1_3' title="bbox 253 744 820 1078">
    <p class='ocr_par' dir='ltr' id='par_1_3' title="bbox 256 744 757 825">
     <span class='ocr_line' id='line_1_6' title="bbox 256 744 757 825; baseline 0.006 -21"><span class='ocrx_word' id='word_1_22' title='bbox 256 744 375 824; x_wconf 81' lang='lat' dir='ltr'><strong>Sappho</strong></span> <span class='ocrx_word' id='word_1_23' title='bbox 392 745 497 824; x_wconf 90' lang='lat' dir='ltr'><strong>puellis</strong></span> <span class='ocrx_word' id='word_1_24' title='bbox 513 746 549 806; x_wconf 91' lang='lat' dir='ltr'><strong>de</strong></span> <span class='ocrx_word' id='word_1_25' title='bbox 565 746 757 825; x_wconf 89' lang='lat' dir='ltr'><strong>popularibus</strong></span> 
     </span>
    </p>

    <p class='ocr_par' dir='ltr' id='par_1_4' title="bbox 253 829 752 910">
     <span class='ocr_line' id='line_1_7' title="bbox 253 829 752 910; baseline 0.006 -21"><span class='ocrx_word' id='word_1_26' title='bbox 253 829 291 890; x_wconf 88' lang='lat' dir='ltr'><strong>Et</strong></span> <span class='ocrx_word' id='word_1_27' title='bbox 306 838 334 889; x_wconf 94' lang='lat' dir='ltr'><strong>te</strong></span> <span class='ocrx_word' id='word_1_28' title='bbox 349 840 503 891; x_wconf 89' lang='lat' dir='ltr'><strong>sonantem</strong></span> <span class='ocrx_word' id='word_1_29' title='bbox 520 830 637 910; x_wconf 89' lang='lat' dir='ltr'><strong>plenius</strong></span> <span class='ocrx_word' id='word_1_30' title='bbox 653 849 752 903; x_wconf 89' lang='lat' dir='ltr'><strong>aureo,</strong></span> 
     </span>
    </p>

    <p class='ocr_par' dir='ltr' id='par_1_5' title="bbox 299 914 820 1078">
     <span class='ocr_line' id='line_1_8' title="bbox 299 914 741 994; baseline 0.009 -21"><span class='ocrx_word' id='word_1_31' title='bbox 299 914 414 983; x_wconf 75' lang='lat' dir='ltr'><strong>Alcaeo,</strong></span> <span class='ocrx_word' id='word_1_32' title='bbox 430 915 544 994; x_wconf 87' lang='lat' dir='ltr'><strong>plectro</strong></span> <span class='ocrx_word' id='word_1_33' title='bbox 562 916 634 975; x_wconf 91' lang='lat' dir='ltr'><strong>dura</strong></span> <span class='ocrx_word' id='word_1_34' title='bbox 651 916 741 987; x_wconf 89' lang='lat' dir='ltr'><strong>navis,</strong></span> 
     </span>
     <span class='ocr_line' id='line_1_9' title="bbox 352 999 820 1078; baseline 0.004 -20"><span class='ocrx_word' id='word_1_35' title='bbox 352 999 430 1059; x_wconf 86' lang='lat' dir='ltr'><strong>Dura</strong></span> <span class='ocrx_word' id='word_1_36' title='bbox 446 1001 532 1078; x_wconf 81' lang='lat' dir='ltr'><strong>fugae</strong></span> <span class='ocrx_word' id='word_1_37' title='bbox 548 1001 631 1071; x_wconf 89' lang='lat' dir='ltr'><strong>mala,</strong></span> <span class='ocrx_word' id='word_1_38' title='bbox 647 1002 720 1062; x_wconf 89' lang='lat' dir='ltr'><strong>dura</strong></span> <span class='ocrx_word' id='word_1_39' title='bbox 736 1001 820 1062; x_wconf 84' lang='lat' dir='ltr'><strong>bellil</strong></span> 
     </span>
    </p>
   </div>
   <div class='ocr_carea' id='block_1_4' title="bbox 254 1115 913 1451">
    <p class='ocr_par' dir='ltr' id='par_1_6' title="bbox 254 1115 913 1451">
     <span class='ocr_line' id='line_1_10' title="bbox 254 1115 753 1198; baseline 0.01 -23"><span class='ocrx_word' id='word_1_40' title='bbox 254 1115 418 1195; x_wconf 89' lang='lat' dir='ltr'><strong>Utrumque</strong></span> <span class='ocrx_word' id='word_1_41' title='bbox 433 1135 516 1178; x_wconf 89' lang='lat' dir='ltr'><strong>sacro</strong></span> <span class='ocrx_word' id='word_1_42' title='bbox 533 1119 620 1198; x_wconf 83' lang='lat' dir='ltr'><strong>digna</strong></span> <span class='ocrx_word' id='word_1_43' title='bbox 636 1119 753 1180; x_wconf 91' lang='lat' dir='ltr'><strong>silentio</strong></span> 
     </span>
     <span class='ocr_line' id='line_1_11' title="bbox 255 1200 835 1282; baseline 0.005 -22"><span class='ocrx_word' id='word_1_44' title='bbox 255 1200 400 1262; x_wconf 83' lang='lat' dir='ltr'><strong>Mirantur</strong></span> <span class='ocrx_word' id='word_1_45' title='bbox 414 1202 537 1263; x_wconf 82' lang='lat' dir='ltr'><strong>umbrae</strong></span> <span class='ocrx_word' id='word_1_46' title='bbox 552 1203 660 1275; x_wconf 90' lang='lat' dir='ltr'><strong>dicere,</strong></span> <span class='ocrx_word' id='word_1_47' title='bbox 677 1205 727 1265; x_wconf 90' lang='lat' dir='ltr'><strong>sed</strong></span> <span class='ocrx_word' id='word_1_48' title='bbox 744 1203 835 1282; x_wconf 83' lang='lat' dir='ltr'><strong>magis</strong></span> 
     </span>
     <span class='ocr_line' id='line_1_12' title="bbox 301 1285 753 1367; baseline 0.009 -22"><span class='ocrx_word' id='word_1_49' title='bbox 301 1285 418 1366; x_wconf 78' lang='lat' dir='ltr'><strong>Pugnas</strong></span> <span class='ocrx_word' id='word_1_50' title='bbox 433 1297 463 1347; x_wconf 87' lang='lat' dir='ltr'><strong>et</strong></span> <span class='ocrx_word' id='word_1_51' title='bbox 477 1298 594 1349; x_wconf 86' lang='lat' dir='ltr'><strong>exactos</strong></span> <span class='ocrx_word' id='word_1_52' title='bbox 610 1300 753 1367; x_wconf 81' lang='lat' dir='ltr'><strong>tyrannos</strong></span> 
     </span>
     <span class='ocr_line' id='line_1_13' title="bbox 354 1371 913 1451; baseline -0.002 -19"><span class='ocrx_word' id='word_1_53' title='bbox 354 1371 484 1432; x_wconf 87' lang='lat' dir='ltr'><strong>Densum</strong></span> <span class='ocrx_word' id='word_1_54' title='bbox 501 1374 610 1433; x_wconf 90' lang='lat' dir='ltr'><strong>umeris</strong></span> <span class='ocrx_word' id='word_1_55' title='bbox 626 1373 700 1433; x_wconf 82' lang='lat' dir='ltr'><strong>bibit</strong></span> <span class='ocrx_word' id='word_1_56' title='bbox 714 1391 785 1434; x_wconf 90' lang='lat' dir='ltr'><strong>aure</strong></span> <span class='ocrx_word' id='word_1_57' title='bbox 800 1371 913 1451; x_wconf 84' lang='lat' dir='ltr'><strong>volgus.</strong></span> 
     </span>
    </p>
   </div>
   <div class='ocr_carea' id='block_1_5' title="bbox 141 1486 938 1822">
    <p class='ocr_par' dir='ltr' id='par_1_7' title="bbox 141 1486 938 1822">
     <span class='ocr_line' id='line_1_14' title="bbox 255 1486 938 1569; baseline 0.004 -22"><span class='ocrx_word' id='word_1_58' title='bbox 255 1486 332 1557; x_wconf 84' lang='lat' dir='ltr'><strong>Quid</strong></span> <span class='ocrx_word' id='word_1_59' title='bbox 348 1490 465 1561; x_wconf 92' lang='lat' dir='ltr'><strong>mirum,</strong></span> <span class='ocrx_word' id='word_1_60' title='bbox 482 1490 531 1550; x_wconf 94' lang='lat' dir='ltr'><strong>ubi</strong></span> <span class='ocrx_word' id='word_1_61' title='bbox 547 1489 604 1550; x_wconf 92' lang='lat' dir='ltr'><strong>illis</strong></span> <span class='ocrx_word' id='word_1_62' title='bbox 621 1490 800 1550; x_wconf 81' lang='lat' dir='ltr'><strong>carminibus</strong></span> <span class='ocrx_word' id='word_1_63' title='bbox 815 1499 938 1569; x_wconf 86' lang='lat' dir='ltr'><strong>stupens</strong></span> 
     </span>
     <span class='ocr_line' id='line_1_15' title="bbox 141 1571 748 1653; baseline 0.008 -24"><span class='ocrx_word' id='word_1_64' title='bbox 141 1624 143 1629; x_wconf 88' lang='lat'><em>.</em></span> <span class='ocrx_word' id='word_1_65' title='bbox 255 1571 388 1633; x_wconf 86' lang='lat' dir='ltr'><strong>Demittit</strong></span> <span class='ocrx_word' id='word_1_66' title='bbox 403 1582 481 1634; x_wconf 84' lang='lat' dir='ltr'><strong>atras</strong></span> <span class='ocrx_word' id='word_1_67' title='bbox 495 1573 582 1634; x_wconf 91' lang='lat' dir='ltr'><strong>belua</strong></span> <span class='ocrx_word' id='word_1_68' title='bbox 598 1574 748 1653; x_wconf 80' lang='lat' dir='ltr'><strong>centiceps</strong></span> 
     </span>
     <span class='ocr_line' id='line_1_16' title="bbox 301 1657 679 1736; baseline 0.008 -21"><span class='ocrx_word' id='word_1_69' title='bbox 301 1657 388 1718; x_wconf 82' lang='lat' dir='ltr'><strong>Arrris</strong></span> <span class='ocrx_word' id='word_1_70' title='bbox 404 1666 434 1718; x_wconf 87' lang='lat' dir='ltr'><strong>et</strong></span> <span class='ocrx_word' id='word_1_71' title='bbox 448 1658 550 1719; x_wconf 91' lang='lat' dir='ltr'><strong>intorti</strong></span> <span class='ocrx_word' id='word_1_72' title='bbox 567 1658 679 1736; x_wconf 91' lang='lat' dir='ltr'><strong>capillis</strong></span> 
     </span>
     <span class='ocr_line' id='line_1_17' title="bbox 355 1740 892 1822; baseline 0 -20"><span class='ocrx_word' id='word_1_73' title='bbox 355 1742 553 1803; x_wconf 87' lang='lat' dir='ltr'><strong>Eumenidum</strong></span> <span class='ocrx_word' id='word_1_74' title='bbox 569 1750 744 1803; x_wconf 86' lang='lat' dir='ltr'><strong>recreantur</strong></span> <span class='ocrx_word' id='word_1_75' title='bbox 758 1740 892 1822; x_wconf 80' lang='lat' dir='ltr'><strong>angues?</strong></span> 
     </span>
    </p>
   </div>
   <div class='ocr_carea' id='block_1_6' title="bbox 255 1858 889 2194">
    <p class='ocr_par' dir='ltr' id='par_1_8' title="bbox 255 1858 889 2194">
     <span class='ocr_line' id='line_1_18' title="bbox 255 1858 889 1940; baseline 0.005 -21"><span class='ocrx_word' id='word_1_76' title='bbox 255 1858 332 1929; x_wconf 83' lang='lat' dir='ltr'><strong>Quin</strong></span> <span class='ocrx_word' id='word_1_77' title='bbox 351 1869 381 1920; x_wconf 89' lang='lat' dir='ltr'><strong>et</strong></span> <span class='ocrx_word' id='word_1_78' title='bbox 395 1860 589 1922; x_wconf 88' lang='lat' dir='ltr'><strong>Prometheus</strong></span> <span class='ocrx_word' id='word_1_79' title='bbox 605 1871 635 1920; x_wconf 90' lang='lat' dir='ltr'><strong>et</strong></span> <span class='ocrx_word' id='word_1_80' title='bbox 650 1860 765 1940; x_wconf 91' lang='lat' dir='ltr'><strong>Pelopis</strong></span> <span class='ocrx_word' id='word_1_81' title='bbox 780 1879 889 1940; x_wconf 90' lang='lat' dir='ltr'><strong>parens</strong></span> 
     </span>
     <span class='ocr_line' id='line_1_19' title="bbox 255 1942 738 2025; baseline 0.004 -22"><span class='ocrx_word' id='word_1_82' title='bbox 255 1942 340 2004; x_wconf 87' lang='lat' dir='ltr'><strong>Dulci</strong></span> <span class='ocrx_word' id='word_1_83' title='bbox 356 1945 487 2006; x_wconf 90' lang='lat' dir='ltr'><strong>laborem</strong></span> <span class='ocrx_word' id='word_1_84' title='bbox 503 1945 648 2025; x_wconf 87' lang='lat' dir='ltr'><strong>decipitur</strong></span> <span class='ocrx_word' id='word_1_85' title='bbox 663 1965 738 2006; x_wconf 94' lang='lat' dir='ltr'><strong>sono</strong></span> 
     </span>
     <span class='ocr_line' id='line_1_20' title="bbox 300 2029 689 2091; baseline 0 -1"><span class='ocrx_word' id='word_1_86' title='bbox 300 2029 361 2091; x_wconf 89' lang='lat' dir='ltr'><strong>Nec</strong></span> <span class='ocrx_word' id='word_1_87' title='bbox 377 2039 461 2090; x_wconf 90' lang='lat' dir='ltr'><strong>curat</strong></span> <span class='ocrx_word' id='word_1_88' title='bbox 477 2030 570 2091; x_wconf 88' lang='lat' dir='ltr'><strong>Orion</strong></span> <span class='ocrx_word' id='word_1_89' title='bbox 587 2029 689 2091; x_wconf 91' lang='lat' dir='ltr'><strong>leones</strong></span> 
     </span>
     <span class='ocr_line' id='line_1_21' title="bbox 351 2115 791 2194; baseline -0.002 -19"><span class='ocrx_word' id='word_1_90' title='bbox 351 2117 410 2175; x_wconf 75' lang='lat' dir='ltr'><strong>dut</strong></span> <span class='ocrx_word' id='word_1_91' title='bbox 423 2115 541 2177; x_wconf 90' lang='lat' dir='ltr'><strong>timidos</strong></span> <span class='ocrx_word' id='word_1_92' title='bbox 556 2115 665 2194; x_wconf 79' lang='lat' dir='ltr'><strong>agitare</strong></span> <span class='ocrx_word' id='word_1_93' title='bbox 680 2115 791 2194; x_wconf 82' lang='lat' dir='ltr'><strong>lyncas.</strong></span> 
     </span>
    </p>
   </div>
   <div class='ocr_carea' id='block_1_7' title="bbox 631 2383 695 2442">
    <p class='ocr_par' dir='ltr' id='par_1_9' title="bbox 631 2383 695 2442">
     <span class='ocr_line' id='line_1_22' title="bbox 631 2383 695 2442; baseline -0.031 0"><span class='ocrx_word' id='word_1_94' title='bbox 631 2383 695 2442; x_wconf 86' lang='lat' dir='ltr'><strong>XlV</strong></span> 
     </span>
    </p>
   </div>
   <div class='ocr_carea' id='block_1_8' title="bbox 256 2499 818 2830">
    <p class='ocr_par' dir='ltr' id='par_1_10' title="bbox 257 2499 812 2579">
     <span class='ocr_line' id='line_1_23' title="bbox 257 2499 812 2579; baseline -0.002 -20"><span class='ocrx_word' id='word_1_95' title='bbox 257 2499 340 2561; x_wconf 88' lang='lat' dir='ltr'><strong>Eheu</strong></span> <span class='ocrx_word' id='word_1_96' title='bbox 355 2501 483 2579; x_wconf 83' lang='lat' dir='ltr'><strong>fugaces,</strong></span> <span class='ocrx_word' id='word_1_97' title='bbox 499 2500 649 2571; x_wconf 85' lang='lat' dir='ltr'><strong>Postume,</strong></span> <span class='ocrx_word' id='word_1_98' title='bbox 666 2500 812 2572; x_wconf 86' lang='lat' dir='ltr'><strong>Postume,</strong></span> 
     </span>
    </p>

    <p class='ocr_par' dir='ltr' id='par_1_11' title="bbox 256 2582 803 2746">
     <span class='ocr_line' id='line_1_24' title="bbox 256 2582 803 2662; baseline -0.002 -19"><span class='ocrx_word' id='word_1_99' title='bbox 256 2582 411 2645; x_wconf 85' lang='lat' dir='ltr'><strong>Labuntur</strong></span> <span class='ocrx_word' id='word_1_100' title='bbox 426 2585 497 2644; x_wconf 88' lang='lat' dir='ltr'><strong>anni</strong></span> <span class='ocrx_word' id='word_1_101' title='bbox 514 2602 570 2645; x_wconf 91' lang='lat' dir='ltr'><strong>nec</strong></span> <span class='ocrx_word' id='word_1_102' title='bbox 585 2583 677 2662; x_wconf 90' lang='lat' dir='ltr'><strong>pietas</strong></span> <span class='ocrx_word' id='word_1_103' title='bbox 692 2600 803 2643; x_wconf 90' lang='lat' dir='ltr'><strong>moram</strong></span> 
     </span>
     <span class='ocr_line' id='line_1_25' title="bbox 302 2668 727 2746; baseline -0.002 -18"><span class='ocrx_word' id='word_1_104' title='bbox 302 2668 394 2746; x_wconf 82' lang='lat' dir='ltr'><strong>Rugis</strong></span> <span class='ocrx_word' id='word_1_105' title='bbox 409 2675 438 2728; x_wconf 87' lang='lat' dir='ltr'><strong>et</strong></span> <span class='ocrx_word' id='word_1_106' title='bbox 454 2668 576 2729; x_wconf 90' lang='lat' dir='ltr'><strong>instanti</strong></span> <span class='ocrx_word' id='word_1_107' title='bbox 592 2675 727 2727; x_wconf 87' lang='lat' dir='ltr'><strong>senectae</strong></span> 
     </span>
    </p>

    <p class='ocr_par' dir='ltr' id='par_1_12' title="bbox 352 2752 818 2830">
     <span class='ocr_line' id='line_1_26' title="bbox 352 2752 818 2830; baseline -0.002 -18"><span class='ocrx_word' id='word_1_108' title='bbox 352 2753 473 2812; x_wconf 75' lang='lat' dir='ltr'><strong>Adseret</strong></span> <span class='ocrx_word' id='word_1_109' title='bbox 487 2752 705 2830; x_wconf 88' lang='lat' dir='ltr'><strong>indomitaeque</strong></span> <span class='ocrx_word' id='word_1_110' title='bbox 720 2752 818 2826; x_wconf 87' lang='lat' dir='ltr'><strong>morti,</strong></span> 
     </span>
    </p>
   </div>
   <div class='ocr_carea' id='block_1_9' title="bbox 254 2870 862 3205">
    <p class='ocr_par' dir='ltr' id='par_1_13' title="bbox 254 2870 862 3205">
     <span class='ocr_line' id='line_1_27' title="bbox 254 2870 862 2949; baseline 0.002 -18"><span class='ocrx_word' id='word_1_111' title='bbox 254 2870 331 2943; x_wconf 86' lang='lat' dir='ltr'><strong>Non,</strong></span> <span class='ocrx_word' id='word_1_112' title='bbox 347 2872 370 2932; x_wconf 92' lang='lat' dir='ltr'><strong>si</strong></span> <span class='ocrx_word' id='word_1_113' title='bbox 387 2871 524 2942; x_wconf 86' lang='lat' dir='ltr'><strong>trecenis,</strong></span> <span class='ocrx_word' id='word_1_114' title='bbox 541 2878 687 2949; x_wconf 89' lang='lat' dir='ltr'><strong>quotquot</strong></span> <span class='ocrx_word' id='word_1_115' title='bbox 702 2879 775 2931; x_wconf 90' lang='lat' dir='ltr'><strong>eunt</strong></span> <span class='ocrx_word' id='word_1_116' title='bbox 790 2871 862 2945; x_wconf 76' lang='lat' dir='ltr'><strong>dies,</strong></span> 
     </span>
     <span class='ocr_line' id='line_1_28' title="bbox 255 2955 735 3035; baseline 0 -20"><span class='ocrx_word' id='word_1_117' title='bbox 255 2955 365 3030; x_wconf 75' lang='lat' dir='ltr'><strong>Amice,</strong></span> <span class='ocrx_word' id='word_1_118' title='bbox 383 2956 480 3035; x_wconf 88' lang='lat' dir='ltr'><strong>places</strong></span> <span class='ocrx_word' id='word_1_119' title='bbox 496 2955 735 3016; x_wconf 89' lang='lat' dir='ltr'><strong>inlacrimabilem</strong></span> 
     </span>
     <span class='ocr_line' id='line_1_29' title="bbox 300 3039 817 3119; baseline -0.002 -18"><span class='ocrx_word' id='word_1_120' title='bbox 300 3041 427 3102; x_wconf 89' lang='lat' dir='ltr'><strong>Plutona</strong></span> <span class='ocrx_word' id='word_1_121' title='bbox 444 3041 545 3113; x_wconf 88' lang='lat' dir='ltr'><strong>tauris,</strong></span> <span class='ocrx_word' id='word_1_122' title='bbox 561 3039 611 3118; x_wconf 94' lang='lat' dir='ltr'><strong>qui</strong></span> <span class='ocrx_word' id='word_1_123' title='bbox 626 3050 672 3100; x_wconf 89' lang='lat' dir='ltr'><strong>ter</strong></span> <span class='ocrx_word' id='word_1_124' title='bbox 687 3041 817 3119; x_wconf 92' lang='lat' dir='ltr'><strong>amplum</strong></span> 
     </span>
     <span class='ocr_line' id='line_1_30' title="bbox 352 3126 784 3205; baseline -0.002 -19"><span class='ocrx_word' id='word_1_125' title='bbox 352 3126 509 3205; x_wconf 77' lang='lat' dir='ltr'><strong>Geryonen</strong></span> <span class='ocrx_word' id='word_1_126' title='bbox 526 3126 693 3204; x_wconf 79' lang='lat' dir='ltr'><strong>Tityonque</strong></span> <span class='ocrx_word' id='word_1_127' title='bbox 709 3126 784 3187; x_wconf 89' lang='lat' dir='ltr'><strong>tristi</strong></span> 
     </span>
    </p>
   </div>
   <div class='ocr_carea' id='block_1_10' title="bbox 255 3242 864 3576">
    <p class='ocr_par' dir='ltr' id='par_1_14' title="bbox 255 3242 864 3576">
     <span class='ocr_line' id='line_1_31' title="bbox 255 3242 816 3322; baseline 0.004 -20"><span class='ocrx_word' id='word_1_128' title='bbox 255 3242 423 3322; x_wconf 85' lang='lat' dir='ltr'><strong>Compescit</strong></span> <span class='ocrx_word' id='word_1_129' title='bbox 438 3244 525 3316; x_wconf 89' lang='lat' dir='ltr'><strong>unda,</strong></span> <span class='ocrx_word' id='word_1_130' title='bbox 542 3243 653 3304; x_wconf 89' lang='lat' dir='ltr'><strong>scilieet</strong></span> <span class='ocrx_word' id='word_1_131' title='bbox 669 3244 816 3316; x_wconf 92' lang='lat' dir='ltr'><strong>omnibus,</strong></span> 
     </span>
     <span class='ocr_line' id='line_1_32' title="bbox 256 3325 864 3406; baseline 0.002 -19"><span class='ocrx_word' id='word_1_132' title='bbox 256 3325 443 3406; x_wconf 85' lang='lat' dir='ltr'><strong>Quicumque</strong></span> <span class='ocrx_word' id='word_1_133' title='bbox 459 3338 554 3389; x_wconf 88' lang='lat' dir='ltr'><strong>terrae</strong></span> <span class='ocrx_word' id='word_1_134' title='bbox 570 3346 695 3389; x_wconf 90' lang='lat' dir='ltr'><strong>munere</strong></span> <span class='ocrx_word' id='word_1_135' title='bbox 709 3329 864 3402; x_wconf 86' lang='lat' dir='ltr'><strong>vescimur,</strong></span> 
     </span>
     <span class='ocr_line' id='line_1_33' title="bbox 302 3412 675 3492; baseline 0.005 -20"><span class='ocrx_word' id='word_1_136' title='bbox 302 3412 498 3491; x_wconf 81' lang='lat' dir='ltr'><strong>Enaviganda,</strong></span> <span class='ocrx_word' id='word_1_137' title='bbox 514 3414 574 3474; x_wconf 87' lang='lat' dir='ltr'><strong>sive</strong></span> <span class='ocrx_word' id='word_1_138' title='bbox 588 3431 675 3492; x_wconf 80' lang='lat' dir='ltr'><strong>reges</strong></span> 
     </span>
     <span class='ocr_line' id='line_1_34' title="bbox 352 3497 841 3576; baseline -0.002 -17"><span class='ocrx_word' id='word_1_139' title='bbox 352 3497 417 3559; x_wconf 86' lang='lat' dir='ltr'><strong>Sive</strong></span> <span class='ocrx_word' id='word_1_140' title='bbox 433 3497 537 3576; x_wconf 92' lang='lat' dir='ltr'><strong>inopes</strong></span> <span class='ocrx_word' id='word_1_141' title='bbox 553 3498 661 3557; x_wconf 93' lang='lat' dir='ltr'><strong>erimus</strong></span> <span class='ocrx_word' id='word_1_142' title='bbox 677 3497 785 3558; x_wconf 90' lang='lat' dir='ltr'><strong>coloni.</strong></span> <span class='ocrx_word' id='word_1_143' title='bbox 802 3533 841 3541; x_wconf 95' lang='lat'>—</span> 
     </span>
    </p>
   </div>
   <div class='ocr_carea' id='block_1_11' title="bbox 128 3630 330 3641">
    <p class='ocr_par' dir='ltr' id='par_1_15' title="bbox 128 3630 330 3641">
     <span class='ocr_line' id='line_1_35' title="bbox 128 3630 330 3641; baseline 0 0"><span class='ocrx_word' id='word_1_144' title='bbox 128 3630 330 3641; x_wconf 42' lang='grc' dir='ltr'><strong>-ῃ-</strong></span> 
     </span>
    </p>
   </div>
   <div class='ocr_carea' id='block_1_12' title="bbox 124 3744 1197 3945">
    <p class='ocr_par' dir='ltr' id='par_1_16' title="bbox 124 3744 1197 3945">
     <span class='ocr_line' id='line_1_36' title="bbox 211 3744 1197 3813; baseline -0.004 -18"><span class='ocrx_word' id='word_1_145' title='bbox 211 3744 265 3798; x_wconf 87' lang='lat' dir='ltr'><strong>Xlll</strong></span> <span class='ocrx_word' id='word_1_146' title='bbox 283 3765 305 3800; x_wconf 85' lang='lat' dir='ltr'><strong>v.</strong></span> <span class='ocrx_word' id='word_1_147' title='bbox 326 3750 357 3801; x_wconf 80' lang='lat'><strong>23</strong></span> <span class='ocrx_word' id='word_1_148' title='bbox 376 3747 519 3813; x_wconf 84' lang='lat' dir='ltr'><strong>discriptas]</strong></span> <span class='ocrx_word' id='word_1_149' title='bbox 537 3771 570 3790; x_wconf 91' lang='lat'><strong>=</strong></span> <span class='ocrx_word' id='word_1_150' title='bbox 588 3748 760 3799; x_wconf 78' lang='lat' dir='ltr'><strong>F.Bio&#39;cbeler</strong></span> <span class='ocrx_word' id='word_1_151' title='bbox 776 3764 843 3800; x_wconf 82' lang='lat' dir='ltr'><strong>mus.</strong></span> <span class='ocrx_word' id='word_1_152' title='bbox 860 3747 928 3812; x_wconf 80' lang='lat' dir='ltr'><strong>phil.</strong></span> <span class='ocrx_word' id='word_1_153' title='bbox 951 3749 989 3810; x_wconf 82' lang='lat'><strong>13,</strong></span> <span class='ocrx_word' id='word_1_154' title='bbox 1008 3744 1111 3806; x_wconf 54' lang='lat' dir='ltr'><strong>tuam</strong></span> <span class='ocrx_word' id='word_1_155' title='bbox 1135 3744 1197 3794; x_wconf 81' lang='lat'><strong>644:</strong></span> 
     </span>
     <span class='ocr_line' id='line_1_37' title="bbox 124 3809 1197 3945; baseline -0.004 -82"><span class='ocrx_word' id='word_1_156' title='bbox 124 3810 267 3945; x_wconf 52' lang='lat' dir='ltr'><strong>33⁰2th</strong></span> <span class='ocrx_word' id='word_1_157' title='bbox 286 3823 311 3868; x_wconf 80' lang='lat' dir='ltr'><strong>et</strong></span> <span class='ocrx_word' id='word_1_158' title='bbox 328 3815 452 3868; x_wconf 81' lang='lat' dir='ltr'><strong>discretas</strong></span> <span class='ocrx_word' id='word_1_159' title='bbox 467 3815 471 3884; x_wconf 89' lang='grc' dir='ltr'>Ι</span> <span class='ocrx_word' id='word_1_160' title='bbox 488 3817 520 3869; x_wconf 82' lang='grc'><strong>28</strong></span> <span class='ocrx_word' id='word_1_161' title='bbox 539 3815 623 3882; x_wconf 75' lang='lat' dir='ltr'><strong>logne,</strong></span> <span class='ocrx_word' id='word_1_162' title='bbox 642 3816 707 3867; x_wconf 83' lang='lat' dir='ltr'><strong>mala</strong></span> <span class='ocrx_word' id='word_1_163' title='bbox 725 3817 786 3868; x_wconf 84' lang='lat' dir='ltr'><strong>dura</strong></span> <span class='ocrx_word' id='word_1_164' title='bbox 806 3817 841 3867; x_wconf 86' lang='lat' dir='ltr'><strong>al.</strong></span> <span class='ocrx_word' id='word_1_165' title='bbox 857 3819 861 3883; x_wconf 77' lang='lat' dir='ltr'><strong>t</strong></span> <span class='ocrx_word' id='word_1_166' title='bbox 878 3818 910 3868; x_wconf 88' lang='lat'><strong>38</strong></span> <span class='ocrx_word' id='word_1_167' title='bbox 928 3815 1043 3865; x_wconf 83' lang='lat' dir='ltr'><strong>laborum</strong></span> <span class='ocrx_word' id='word_1_168' title='bbox 1059 3811 1063 3876; x_wconf 79' lang='grc' dir='ltr'>Ι</span> <span class='ocrx_word' id='word_1_169' title='bbox 1079 3813 1112 3865; x_wconf 82' lang='grc'><strong>40</strong></span> <span class='ocrx_word' id='word_1_170' title='bbox 1131 3809 1197 3860; x_wconf 88' lang='lat' dir='ltr'><strong>timi·</strong></span> 
     </span>
    </p>
   </div>
   <div class='ocr_carea' id='block_1_13' title="bbox 0 0 1327 4372">
    <p class='ocr_par' dir='ltr' id='par_1_17' title="bbox 0 0 1327 4372">
     <span class='ocr_line' id='line_1_38' title="bbox 0 0 1327 4372; baseline 0 0"><span class='ocrx_word' id='word_1_171' title='bbox 0 0 1327 4372; x_wconf 95' lang='lat' dir='ltr'><strong> </strong></span> 
     </span>
    </p>
   </div>
  </div>
 </body>
</html>
