2640 4372
478 201 708 256 EPISTULARUM
726 202 736 254 l
756 206 796 257 11.
817 205 856 256 ll.

217 379 341 459 Zmyrna
365 376 434 455 quid
458 387 487 435 et
509 372 687 453 Colophon?
710 375 819 435 maiora
842 374 1000 435 minorane
1024 373 1120 436 fama?

217 465 369 525 Cunctane
392 479 462 540 prae
485 461 595 538 Campo
618 471 647 519 et
669 459 811 520 Tiberino
834 459 959 521 flumine
981 459 1125 524 sordent?

216 551 260 610 An
284 548 416 608 venitin
440 556 540 606 votum
563 544 693 605 Attalicis
715 563 751 605 ex
774 544 897 605 urbibus
918 543 1002 605 una‘l

215 636 259 694 An
284 631 436 694 Lebedum
458 630 559 691 laudas
581 629 648 690 odio
671 630 761 690 maris
782 640 871 709 atque
893 628 1031 691 viaruml

212 711 300 792 ‘Scis‚
322 717 459 778 Lebedus
482 716 551 794 quid
574 712 634 775 sit?
672 714 772 775 Gabiis
794 714 940 775 desertior
961 725 1051 795 atque

216 802 336 864 Fidenis
358 803 454 874 vicus;
477 811 573 860 tamen
598 799 656 859 ibic
679 800 773 860 vivore
795 799 911 871 vellem,

217 889 392 966 Oblitusque
415 904 548 946 meorum
572 884 790 945 obliviscendus
812 896 840 945 et
863 884 920 945 illis

217 974 387 1054 beptuoum
410 970 515 1067 procul
539 989 555 1030 e
577 981 657 1030 terra
679 979 813 1048 spectare
835 962 1004 1032 furentem.³

216 1058 273 1119 Sed
298 1076 406 1135 neque,
429 1057 480 1134 qui
503 1055 602 1134 Capua
625 1054 748 1115 Romam
772 1056 854 1135 petit,
878 1055 974 1116 imbre
997 1056 1116 1136 lutoque

216 1145 381 1223 Adspersus
403 1141 510 1201 volet
502 1160 533 1200 rn
557 1159 690 1218 caupona
714 1140 824 1214 vivere;
848 1158 903 1200 nec
926 1142 978 1220 qui

215 1228 322 1306 Frigus
343 1226 470 1303 collegit,
493 1226 599 1287 furnos
622 1234 652 1284 et
673 1223 778 1287 balnea
801 1225 899 1286 laudat

215 1313 253 1374 Ut
275 1315 456 1373 fortunatam
477 1311 565 1389 plene
588 1311 765 1389 praestantia
788 1310 894 1382 vitam3

216 1399 287 1470 Nec,
310 1399 334 1458 si
357 1406 385 1457 te
408 1395 519 1457 validus
541 1395 689 1456 iactaverit
710 1398 817 1456 Auster
839 1396 869 1456 in
893 1395 962 1467 alto,

215 1482 330 1543 idcirco
354 1500 457 1542 navem
480 1490 562 1541 trans
585 1483 733 1559 Aegaeum
754 1498 836 1541 mare
857 1480 977 1541 vendas.

215 1567 360 1628 incolumi
383 1567 504 1628 Rhodos
526 1576 555 1626 et
578 1565 718 1645 Mytilene
740 1566 863 1644 pulchra
886 1565 965 1640 facit,
990 1569 1070 1645 quod

214 1653 343 1714 Paenula
366 1652 502 1723 solstitio,
525 1661 689 1730 campestre
713 1651 857 1711 nivalibus
879 1651 968 1723 auris,

213 1740 272 1799 Per
293 1738 429 1798 brumam
452 1735 577 1809 Tiberis,
600 1735 703 1797 Sextili
725 1754 828 1797 mense
851 1737 996 1798 caminus.

214 1824 289 1885 lium
312 1824 381 1884 licet
402 1841 435 1882 ac
458 1822 567 1882 voltum
590 1831 686 1882 servat
708 1820 839 1881 Fortuna
862 1820 1036 1899 benignum,

214 1909 325 1969 Rornae
347 1907 484 1968 laudetur
506 1907 610 1967 Samos
633 1916 662 1967 et
685 1906 772 1967 Cbios
795 1917 825 1966 et
846 1906 968 1968 Rhodos
990 1907 1106 1970 absens.
1127 1939 1160 1953 ·-

214 1993 258 2053 Tu
283 2010 500 2071 quamcumque
523 1992 595 2052 deus
617 1991 671 2052 tibi
693 1992 889 2052 fortunaverit
910 1991 1017 2053 boram

215 2077 303 2138 Grata
326 2094 410 2137 sume
432 2094 523 2136 manu
548 2095 605 2136 neu
629 2075 725 2136 dulcia
748 2077 833 2137 diller
856 2077 885 2137 in
910 2095 1035 2153 annum,

214 2163 253 2222 Ut
275 2179 463 2241 quocumque
486 2161 552 2220 loco
576 2161 666 2221 fueris
688 2162 794 2222 vixisse
817 2161 944 2222 libenter

215 2247 256 2307 'le
279 2247 373 2319 dieas;
397 2263 464 2306 nam
489 2245 513 2305 si
535 2245 609 2305 ratio
633 2254 661 2305 et
683 2246 839 2324 prudentia
863 2265 958 2320 curas,

214 2332 280 2392 Non
304 2332 387 2393 locus
411 2330 496 2391 effusi
519 2329 576 2391 late
598 2331 687 2392 maris
710 2332 820 2392 arbiter
841 2334 946 2401 aufert,

213 2417 341 2492 Caelum,
365 2436 425 2477 non
448 2416 578 2476 animum
600 2426 725 2490 mutant,
749 2418 799 2495 qui
815 2427 992 2478 transmare
1008 2426 1140 2479 currunt.
1155 2450 1191 2463 -

213 2503 339 2564 Strenua
363 2521 418 2563 nos
440 2510 560 2562 exercet
580 2502 695 2574 inertia,
719 2504 842 2564 navibus
865 2511 953 2581 atque

213 2587 369 2668 Quadrigis
391 2588 520 2667 petimus
541 2587 618 2648 bene
640 2588 746 2648 vivere.
791 2588 876 2659 Quod
900 2588 987 2666 petis,
1010 2587 1059 2649 bic
1082 2597 1133 2660 est,

213 2673 265 2735 Est
286 2672 416 2746 Ulubris,
439 2673 555 2733 animus
577 2674 601 2733 si
623 2684 652 2732 te
676 2692 737 2733 non
760 2673 857 2733 deficit
879 2691 1002 2750 aequus.

632 2926 685 2987 Xll

211 3044 370 3105 Fructibus
391 3045 539 3124 Agrippae
562 3045 677 3118 Siculis,
701 3065 776 3124 quos
799 3045 921 3123 colligis,
945 3045 1013 3119 loci,

212 3129 242 3190 Si
265 3139 345 3190 recte
368 3130 486 3203 frueris,
510 3149 571 3190 non
596 3140 694 3191 estut
717 3131 800 3210 copia
823 3131 917 3190 maior

211 3215 255 3274 Ab
278 3215 345 3274 love
368 3214 471 3274 donari
495 3215 589 3294 possit
610 3216 679 3290 tibi;
703 3215 773 3277 tolle
797 3216 957 3293 querellas:

211 3299 327 3377 Pauper
350 3300 429 3359 enim
452 3320 513 3361 non
537 3311 591 3374 est,
615 3302 662 3361 cui
685 3318 784 3362 rerum
807 3301 938 3379 suppetit
960 3319 1040 3362 usus.

139 3395 154 3443 t
214 3384 243 3445 Si
266 3385 362 3445 ventri
384 3383 471 3460 bene,
494 3386 518 3446 si
541 3385 624 3446 lateri
648 3396 691 3447 est
713 3384 897 3466 pedibusque
920 3386 988 3460 tuis,
1012 3386 1055 3447 nil

124 3523 326 3530 ——----

213 3619 287 3673 Xlo.
305 3620 545 3685 3minorane](ol?
534 3620 662 3672 taBentl
681 3620 812 3672 minoroue
831 3635 846 3670 v
864 3620 1082 3687 minoraquefoll
1098 3626 1199 3674 leunc-

127 3692 206 3756 taque
222 3689 225 3754 Ι
248 3692 331 3742 'l-ld
349 3692 423 3739 inter
440 3690 582 3739 Horatium
599 3692 626 3739 et
641 3689 792 3740 Bullatium
809 3705 845 3738 ec
862 3691 933 3739 notia
950 3689 1073 3740 codicum
1092 3689 1199 3741 Blendi-

128 3760 237 3808 niorum
255 3758 380 3824 dispertit
396 3756 542 3824 quuim,
560 3756 678 3808 Bullatio
689 3761 845 3841 praeeunte
864 3756 944 3822 glosa.
963 3759 991 3807 Γ
1005 3759 1038 3808 ab
1059 3758 1136 3808 OKl.
1156 3760 1200 3810 tri·

125 3826 211 3876 luunt
238 3827 294 3888 alti,
318 3842 342 3876 e.
361 3827 376 3876 8
402 3827 465 3876 inde
488 3843 504 3875 a
522 3840 578 3876 ooc.
594 3819 773 3878 tamem—10
791 3825 876 3876 eidem
894 3827 1017 3889 aedguat
1034 3826 1094 3878 H-I'
1108 3842 1200 3878 mnam.

123 3907 151 3943 n.
169 3909 191 3944 a.
210 3895 250 3956 14,
268 3864 386 3963 adello
405 3909 436 3945 ex
455 3894 589 3962 terralld
607 3895 645 3955 ut]
664 3897 745 3959 tu(=
758 3894 807 3958 Bo)
891 3920 895 3926 ·
