2640 4372
517 203 736 271 oanuruuuui
756 222 795 272 ro.

621 389 686 449 XVI

249 503 398 564 Inclusam
421 504 541 565 Danaen
564 507 655 567 turris
677 525 768 568 aenea

250 588 458 666 Robustaeque
481 591 559 651 iores
582 600 610 651 et
632 591 751 670 vigilum
775 611 881 654 canum

296 673 408 734 Tristes
431 673 571 736 excubiae
593 677 763 736 munierant
785 678 854 738 satis

347 759 507 820 Nocturnis
528 759 564 820 ab
587 761 735 834 adulteris,

250 876 281 937 Si
304 896 364 936 non
388 877 543 951 Acrisium,
566 879 686 956 virginis
708 879 822 940 abditae

250 961 406 1022 Custodem
429 962 574 1041 pavidum,
597 964 731 1042 luppiter
753 973 782 1024 et
804 964 904 1026 Venus

295 1047 455 1108 Risissent:
478 1049 541 1108 fore
564 1049 643 1109 enim
665 1057 762 1110 tutum
785 1050 841 1109 iter
863 1058 892 1109 et
914 1059 1017 1128 patens

347 1131 494 1193 Conversa
519 1134 548 1193 in
571 1135 700 1212 pretium
723 1136 787 1194 deo.
810 1170 851 1179 -

249 1251 363 1310 Aurum
386 1269 440 1329 per
463 1250 573 1311 medios
596 1251 639 1312 ire
661 1252 799 1312 satellites

249 1333 286 1394 Et
307 1353 501 1415 perrumpere
523 1346 599 1395 amat
621 1354 689 1396 saxa
712 1336 862 1413 potentius

297 1420 361 1479 lctu
384 1420 541 1479 fulmineo:
566 1420 696 1480 concidit
717 1421 838 1498 auguris

347 1503 446 1581 Argivi
468 1505 582 1577 domus,
606 1503 643 1563 ob
666 1504 781 1565 lucrum

252 1620 390 1680 Demersa
412 1621 516 1693 exitio;
538 1621 644 1680 diffidit
666 1621 784 1681 urbium

253 1706 356 1765 Portas
377 1705 420 1764 vir
444 1704 563 1764 Macedo
587 1713 617 1765 et
638 1704 756 1766 subruit
778 1704 908 1765 aemulos

298 1788 394 1867 Reges
416 1790 606 1864 muneribus;
629 1808 751 1850 munera
775 1789 891 1849 navium

350 1874 456 1935 Saevos
478 1875 650 1953 inlaqueant
671 1876 769 1936 duces.
792 1909 833 1918 -

251 1992 440 2053 Crescentem
463 1993 596 2071 sequitur
618 2011 689 2053 cura
710 1992 867 2072 pecuniam

250 2077 453 2155 Maiorumque
476 2078 581 2139 fames:
605 2079 669 2138 iore
692 2078 850 2157 perhorrui

237 2170 240 2175 '
297 2162 368 2222 Late
392 2163 585 2241 conspicuum
609 2164 710 2224 tollere
732 2163 882 2234 verticem,

349 2247 512 2320 Maecenas,
535 2248 668 2326 equitum
691 2249 789 2310 decus.

251 2364 369 2435 Quanto
392 2367 517 2444 quisque
541 2365 596 2426 sibi
620 2367 705 2445 plura
728 2364 885 2444 negaverit,

250 2450 294 2510 Ab
319 2450 363 2510 dis
385 2451 471 2529 plura
492 2451 582 2509 feret:
607 2450 648 2510 nil
670 2450 852 2528 cupientium

298 2534 401 2593 Nudus
423 2542 516 2594 castra
538 2543 607 2611 peto
631 2542 660 2593 et
683 2533 833 2610 transfuga
857 2531 978 2591 divitum

349 2617 443 2678 Partis
465 2617 601 2694 linquere
623 2616 726 2695 gestio,

254 2718 446 2796 Contemptae
469 2719 607 2778 dominus
629 2717 810 2796 splendidior
833 2717 876 2776 rei

252 2801 346 2872 Quam
369 2802 393 2863 si
417 2803 559 2881 quidquid
581 2812 643 2863 arat
665 2803 791 2881 impiger
813 2801 927 2880 Apulus

298 2887 454 2948 Occultare
476 2889 548 2948 meis
571 2888 686 2948 dicerer
708 2887 832 2958 horreis,

349 2973 468 3050 Magnas
491 2974 568 3033 inter
592 2992 664 3052 opes
685 2972 782 3050 inops.

251 3074 345 3134 Purae
368 3068 562 3152 rivus'aquae
584 3075 714 3152 silvaque
735 3074 871 3151 iugerum

251 3158 417 3219 Paucorum
442 3167 471 3218 et
492 3161 598 3237 segetis
621 3167 701 3219 certa
725 3159 797 3218 fides
819 3174 901 3216 meae

298 3243 474 3322 Fulgentem
496 3245 621 3324 imperio
644 3243 747 3304 fertilis
769 3242 885 3302 Africae

348 3327 434 3388 Fallit
455 3340 533 3390 sorte
555 3330 679 3391 beatior.

253 3428 437 3508 Quamquam
460 3448 516 3490 nec
540 3429 678 3490 Calabrae
701 3427 786 3487 mella
809 3427 909 3486 lerunt
931 3441 1000 3502 apes

252 3516 312 3579 Nec
334 3515 544 3594 Laestrygonia
567 3514 700 3575 Bacchus
722 3513 752 3572 in
776 3511 918 3589 amphora

299 3599 477 3679 Languescit
499 3599 569 3658 mihi
593 3617 648 3658 nec
671 3597 792 3676 pinguia
815 3593 932 3655 Gallicis
1126 3601 1155 3650 ab

352 3687 496 3746 Crescunt
517 3683 623 3743 vellera
645 3681 771 3761 pascuis,

124 3788 326 3801 ——.—

209 3834 265 3887 xvi
283 3853 306 3887 o.
327 3838 342 3887 θ
360 3833 476 3885 rabidum
490 3833 588 3898 Porplr.
602 3831 658 3880 cod.
671 3830 740 3880 Mon.
754 3827 879 3894 (rapidum
892 3824 1007 3874 eiusdem
1025 3819 1082 3872 cod.
1098 3819 1176 3885 Gud.)
1191 3818 1195 3884 Ι

123 3908 219 3971 ὅθεᾳᾳ.
234 3903 483 3970 pascois-inportuna
498 3942 503 3953 .
518 3941 523 3952 .
538 3899 811 3985 ‚deneges-contracto
831 3890 1027 4024 distinxitgll
