2640 4372
547 211 718 264 alumnum
736 213 747 264 l
765 216 787 266 4.
807 217 831 266 5.

668 384 704 442 lV

282 485 412 546 Solvitur
428 486 504 546 acris
520 486 613 546 hiems
628 496 709 564 grata
725 487 787 546 vioe
802 487 878 548 veris
895 497 924 548 et
938 487 1056 559 Favoni,

327 570 522 649 Trahuntque
537 571 630 632 siccas
646 571 797 631 machinae
813 573 928 634 carinas

284 657 325 715 ilo
342 674 439 734 neque
455 657 513 715 iam
528 654 650 717 stabulis
664 656 771 734 gaudet
785 675 876 736 peous
890 666 941 718 aut
955 667 1053 718 arator
1067 657 1129 736 igni

328 741 388 801 Nec
405 749 487 819 prata
504 741 586 801 oanis
602 740 731 802 albicant
744 742 869 819 pruinis.

283 826 343 885 lam
359 825 501 904 Cytherea
518 825 625 887 choros
641 825 723 886 dueit
738 825 836 888 Venus
851 826 1016 888 inminente
1031 828 1101 888 luna
1211 837 1225 886 ⁵

330 909 512 989 lunotaeque
527 910 671 991 Nymphis
686 909 803 970 Gratiae
819 912 959 973 decentes

282 995 404 1056 Alterno
419 1004 528 1055 terram
544 996 681 1074 quatiunt
695 996 778 1075 pede,
795 996 865 1056 dum
879 997 975 1075 gravis
990 996 1148 1077 Cyclopum

331 1079 480 1143 Volcanus
495 1081 602 1142 ardens
617 1081 683 1143 visit
698 1081 841 1142 officinas.
1002 1134 1006 1141 .

280 1165 378 1235 «Nune,
388 1166 473 1231 decet
488 1173 538 1226 aut
552 1165 635 1227 viridi
651 1165 776 1226 nitidum
792 1174 881 1245 eaput
895 1165 1039 1244 impedire
1053 1174 1150 1246 myrto

329 1244 388 1310 Aut
402 1251 485 1322 llore,
500 1260 596 1311 terrae
612 1268 700 1328 quem
717 1251 817 1311 lerunt
830 1251 952 1321 solutae,
1045 1256 1050 1265 '
1198 1259 1227 1311 10

283 1334 370 1396 Nune
385 1346 415 1396 et
428 1335 458 1394 in
476 1335 623 1396 umbrosis
637 1335 739 1411 Fauno
756 1337 839 1397 decet
854 1336 998 1396 inmolare
1013 1336 1095 1415 lucis,

331 1421 390 1481 Seu
405 1428 507 1499 poscat
522 1438 597 1498 agna
613 1420 673 1481 sive
688 1420 769 1481 malit
782 1421 886 1481 haedo.
903 1455 945 1466 -

283 1504 393 1564 Pallida
409 1523 489 1565 mors
504 1523 599 1582 aequo
615 1505 710 1583 pulsat
726 1505 801 1584 pede
816 1524 982 1584 pauperum
998 1505 1135 1566 tabernas

331 1588 506 1666 [legumque
522 1589 622 1649 turris.
668 1589 692 1650 Ο
708 1590 794 1650 beate
810 1590 896 1663 Sesti,

286 1674 366 1734 Vitae
382 1691 495 1734 summa
511 1673 607 1734 brevis
623 1692 707 1752 spem
723 1693 779 1737 nos
793 1684 870 1735 vetat
886 1675 1024 1736 incohare
1037 1675 1171 1753 longam;
1199 1682 1227 1735 lo

333 1758 393 1818 lam
409 1767 438 1819 le
453 1768 568 1837 premet
584 1777 643 1819 nox
660 1757 834 1838 fabulaeque
850 1760 951 1822 Manes
1021 1828 1024 1833 ,

287 1843 325 1904 Et
340 1845 445 1904 domus
460 1843 543 1904 exilis
557 1843 702 1918 Plutonia,
720 1863 778 1923 quo
794 1845 881 1906 simul
897 1846 1014 1918 means,

330 1929 391 1989 Nec
407 1947 498 2007 regna
515 1928 574 1988 vini
589 1931 713 1991 sortiere
729 1929 793 1992 talis

286 2014 348 2075 Nec
363 2023 499 2075 tenerum
516 2012 643 2093 Lycidan
659 2014 815 2089 mirabere,
831 2034 889 2094 quo
905 2016 980 2076 calet
994 2016 1129 2077 iuventus

331 2100 417 2160 Nunc
433 2099 530 2161 omnis
545 2108 656 2175 etmox
671 2100 799 2178 virgines
814 2101 967 2180 tepebunt.
1201 2107 1229 2157 20

617 2235 770 2245 ——..-

685 2301 708 2359 V
778 2344 781 2349 .

292 2402 364 2472 Quis
378 2402 470 2462 multa
486 2402 603 2480 gracilis
618 2414 647 2462 te
662 2421 739 2481 puer
753 2403 783 2462 in
801 2421 867 2466 rosa

292 2485 432 2547 Perfusus
447 2486 565 2564 liquidis
579 2496 667 2563 urget
682 2486 822 2548 odoribus

338 2569 437 2641 Grato,
454 2571 573 2649 Pyrrha,
589 2570 645 2631 sub
661 2567 769 2630 antro?

390 2653 441 2716 Cui
457 2654 557 2714 llavam
574 2655 680 2734 religas
694 2673 818 2726 comam,

291 2757 420 2835 Simplex
436 2755 610 2817 munditiis?
624 2758 683 2817 beu
698 2757 835 2835 quotiens
849 2758 936 2819 fidem

292 2842 477 2920 Mutatosque
492 2841 564 2904 deos
578 2842 660 2902 llebit
676 2851 706 2903 et
721 2861 824 2922 aspera

336 2927 433 3006 Nigris
448 2945 576 3006 aequora
590 2928 685 2988 ventis

387 3011 568 3073 Emirabitur
582 3012 723 3086 insolens

292 3113 349 3185 Qui
365 3132 447 3175 nuno
462 3123 492 3174 te
508 3115 617 3174 fruitur
632 3114 770 3176 credulus
785 3133 883 3187 aurea,

292 3197 350 3267 Qui
365 3215 482 3279 semper
496 3217 626 3273 vacuam,
643 3218 759 3279 semper
775 3198 926 3259 amabilem

339 3282 453 3361 Sperat,
472 3285 587 3345 nescius
602 3279 691 3344 aurae

389 3366 531 3430 Fallacis‘l
546 3403 588 3413 —
603 3369 711 3440 Miseri,
727 3368 833 3446 quibus

291 3467 465 3546 Intemptata
482 3470 574 3531 nites:
591 3488 638 3531 me
654 3467 751 3530 tabula
767 3488 850 3550 sacer
914 3464 917 3468 ’

293 3553 393 3613 Votiva
408 3553 504 3631 paries
519 3555 627 3615 indicat
641 3554 726 3615 uvida

339 3637 535 3716 Suspendisse
550 3640 664 3716 potenti

392 3723 569 3784 Vestimenta
586 3723 673 3784 maris
689 3725 753 3784 deo.

250 3853 283 3904 lV
301 3871 325 3905 o.
344 3856 359 3906 8
377 3855 427 3906 urit
443 3855 446 3920 l
464 3857 495 3908 12
513 3870 603 3919 agnam
619 3855 623 3922 Ι
639 3855 734 3906 haedos
753 3857 788 3917 (o)
807 3855 916 3906 haedum
935 3853 1001 3902 Bo?

251 3920 272 3972 V
290 3939 314 3973 o.
335 3925 366 3975 14
384 3923 485 3974 humida
503 3927 539 3988 (o)
