2640 4372
438 213 668 267 EPISTULARUM
686 214 696 266 l
714 218 738 268 6.

135 387 200 459 Quo
221 387 381 466 spectanda
403 387 502 461 modo,
525 405 584 465 quo
606 405 697 449 sensu
721 387 816 449 credis
840 397 869 450 et
891 390 963 452 orel

136 472 191 543 Qui
213 471 297 533 timet
319 472 364 534 his
386 472 516 544 adversa,
539 473 601 532 lere
624 473 748 532 miratur
769 474 882 549 eodem,

134 558 201 628 Ouo
222 556 357 636 cupiens,
381 567 482 637 pacto;
506 575 598 636 paror
619 567 665 618 est
685 557 844 635 utrobique
866 561 1016 636 molestus,
1093 574 1120 624 to

134 641 293 721 improvisa
315 643 403 703 simul
425 644 540 724 species
563 652 692 703 exterret
713 653 883 721 utrumque.

135 727 264 788 Gaudeat
285 744 321 786 au
345 727 450 800 doleat,
474 729 574 806 cupiat
597 737 757 802 metuatne,
782 728 851 806 quid
875 730 1005 805 adrem,

134 812 174 886 Si,
198 811 340 891 quidquid
364 812 433 872 vidit
454 813 559 874 melius
581 813 701 892 peiusve
724 831 776 873 sua
799 833 862 892 spe,

134 897 242 959 lledxis
264 896 358 959 oculis
381 897 540 976 animoque
564 908 593 958 et
614 916 741 977 corpore
765 896 884 977 torpet?

134 982 232 1045 Insani
254 982 373 1060 sapiens
396 1001 505 1043 oomen
528 983 611 1056 serat,
634 1002 746 1061 aequus
769 983 872 1062 iniqui,
1093 995 1121 1045 15

134 1067 214 1129 Ultra
237 1085 325 1146 quam
348 1068 418 1128 satis
440 1077 485 1128 est
506 1068 642 1129 virtutem
666 1069 690 1129 si
712 1077 792 1148 petat
814 1070 915 1148 ipsam.

134 1153 147 1213 l
169 1172 259 1226 nunc,
282 1161 437 1231 argentum
460 1153 490 1212 e't
512 1171 642 1213 marmor
662 1162 745 1215 vetus
767 1171 893 1234 aeraque
916 1164 945 1215 et
966 1156 1036 1216 artis

136 1239 269 1318 Suspice,
292 1255 360 1298 cum
383 1238 507 1317 gemmis
529 1239 633 1318 Tyrios
656 1239 763 1299 mirare
786 1241 916 1312 colores;

135 1323 244 1395 Gaude,
268 1324 346 1402 quod
369 1333 505 1401 spectant
527 1325 603 1384 oculi
626 1334 655 1384 te
678 1324 757 1384 mille
780 1325 968 1403 loquentem;

134 1409 231 1470 Naxus
253 1426 339 1468 mane
362 1411 458 1469 lorum
483 1418 512 1469 et
533 1409 719 1487 vespertinus
741 1419 809 1487 pete
832 1418 952 1484 tectum,
1095 1421 1122 1471 20

135 1494 177 1554 Ne
199 1494 267 1572 plus
288 1494 429 1554 frumeuti
453 1494 597 1554 dotalibus
620 1502 727 1554 emetat
748 1495 825 1572 agris

134 1578 233 1640 Mutus
255 1586 285 1639 et
306 1611 320 1623 ·
343 1578 508 1657 iudignum,
532 1579 611 1657 quod
634 1579 671 1638 sit
694 1578 845 1657 peioribus
869 1589 951 1641 ortus
973 1613 986 1624 -

136 1663 189 1724 Hic
212 1664 265 1724 tibi
287 1663 326 1724 sit
348 1664 446 1741 potius
470 1681 557 1741 quam
579 1674 610 1724 tu
635 1664 775 1724 mirabilis
798 1664 848 1725 illi.

136 1748 284 1827 Quidquid
307 1748 362 1809 sub
385 1757 463 1808 terra
487 1759 539 1821 est,
562 1749 591 1807 in
616 1749 747 1827 apricum
771 1751 903 1828 proteret
924 1760 1012 1823 aetas,

136 1832 269 1895 defodiet
291 1833 460 1911 condetque
485 1834 616 1894 nitentia.
662 1833 734 1895 Cum
757 1833 834 1895 bene
857 1843 960 1896 notum
1095 1846 1123 1896 25

136 1918 271 1980 Porticus
293 1919 439 1998 Agrippae
463 1929 492 1979 et
513 1919 557 1979 via
580 1928 608 1979 te
631 1920 820 1998 conspexerit
842 1920 927 1999 Appi,

135 2003 182 2065 lre
204 2014 301 2065 tamen
325 2013 424 2075 restat,
448 2005 541 2064 Numa
566 2023 624 2082 quo
647 2004 765 2064 devenit
786 2013 815 2066 et
837 2006 946 2067 Ancus.
970 2040 1010 2051 -

137 2089 167 2148 Si
190 2089 266 2150 latus
288 2098 339 2150 aut
360 2108 447 2149 renes
470 2089 574 2150 morbo
597 2099 781 2168 temptantur
802 2100 898 2165 acuto,

137 2172 251 2244 Quaere
273 2175 372 2252 lugam
395 2174 500 2235 morbi.
547 2175 594 2236 Vis
616 2183 697 2236 recte
718 2176 814 2236 vivere
837 2208 851 2220 ·
874 2177 939 2255 quis
963 2175 1048 2238 non?
1070 2211 1093 2246 -,

137 2258 167 2318 Si
189 2260 282 2320 virtus
304 2259 360 2318 hoc
382 2277 440 2319 una
464 2270 561 2340 potest
584 2260 661 2334 dare,
685 2261 769 2321 lortis
792 2261 906 2322 omissis
1094 2273 1123 2322 eo

138 2343 200 2405 lloc
223 2362 276 2422 age
299 2344 419 2404 deliciis
466 2345 606 2406 Virtutem
628 2345 716 2405 verba
740 2354 826 2424 putas
849 2354 878 2406 et

136 2428 250 2490 Lucum
272 2428 368 2507 ligna:
392 2448 460 2489 cave
484 2449 520 2489 ne
543 2439 648 2508 portus
670 2437 795 2508 occupet
817 2430 899 2502 alter,

136 2513 179 2575 Ne
201 2514 374 2594 Cibyratica,
399 2533 436 2573 ne
459 2514 582 2592 Bithyna
606 2513 723 2590 negotia
745 2514 868 2592 perdas;

136 2599 213 2660 Mille
235 2599 346 2660 talenta
368 2600 577 2670 remittentur,
600 2598 722 2658 totidem
746 2597 844 2669 altera,
868 2616 957 2676 porro
981 2608 1010 2659 et

137 2683 234 2745 Tertia
257 2685 418 2746 succedant
441 2692 469 2744 et
492 2702 567 2762 quae
589 2702 658 2762 pars
681 2683 804 2762 quadrat
826 2701 971 2743 acervum.
1095 2696 1123 2745 35

138 2768 256 2830 Scilicet
277 2788 400 2831 uxorem
422 2787 490 2829 cum
512 2770 580 2829 dote
603 2770 749 2847 iidemque
772 2777 801 2828 et
822 2767 931 2828 amicos

137 2853 174 2913 Et
196 2872 291 2933 genus
314 2863 344 2914 et
367 2856 490 2915 formam
514 2854 616 2933 regina
640 2854 768 2914 Pecunia
793 2854 883 2913 donat

137 2941 178 2998 dc
200 2939 278 3000 hene
302 2948 484 3000 nummatum
510 2940 628 2999 decorat
652 2939 773 3000 Suadela
798 2938 964 3016 Venusque.

137 3023 290 3103 Mancipiis
312 3025 445 3104 locuples
468 3035 534 3102 eget
556 3025 631 3084 acris
655 3024 860 3103 Cappadocum
882 3041 948 3084 rex:

138 3109 180 3169 Ne
203 3109 293 3171 lueris
315 3110 363 3170 hic
385 3119 427 3169 tu.
472 3108 643 3190 chlamydes
666 3109 815 3182 Lucullus,
839 3117 871 3168 ut
892 3108 984 3182 aiunt,
1095 3121 1123 3169 to

138 3192 168 3253 Si
190 3204 292 3274 posset
313 3204 433 3255 centum
457 3212 579 3255 scaenae
602 3193 744 3272 praebere
767 3204 897 3272 rogatus,

134 3269 206 3348 ‘Qui
227 3298 347 3358 possum
370 3271 449 3340 totl'
475 3280 529 3354 ait;
549 3274 661 3339 ‘tamen
679 3288 708 3339 et
722 3297 859 3357 quaeram
876 3287 905 3338 et
920 3288 993 3357 quot
1007 3277 1123 3338 habebo

136 3361 267 3425 Mittam?
310 3365 381 3425 Post
402 3364 499 3443 paullo
523 3363 635 3437 scribit,
658 3364 713 3423 sibi
737 3365 813 3425 milia
838 3365 969 3443 quinque

137 3448 210 3510 Esse
233 3450 311 3510 domi
335 3450 534 3530 chlamydum:
559 3457 672 3528 partem
695 3450 740 3509 vel
763 3450 880 3510 tolleret
901 3449 1007 3510 omnis.

140 3699 170 3752 vt
188 3718 212 3753 o.
233 3703 268 3765 [8]
286 3701 318 3751 M
334 3703 398 3752 1874
417 3706 527 3750 auctore
544 3700 669 3751 Nauckio
694 3699 730 3762 cf.
748 3699 835 3767 praef.
863 3718 887 3752 a.
914 3701 978 3752 1879
1002 3715 1027 3763 p.
1048 3696 1098 3748 Llll
1119 3696 1123 3761 l

110 3774 227 3821 externat
249 3770 385 3820 Ioeobaioe
412 3770 469 3818 lect.
489 3768 554 3820 Van.
578 3785 607 3834 p.
630 3771 675 3820 tot
700 3774 802 3821 exercet
819 3767 994 3819 Marklandua
1021 3783 1061 3831 ep.
1090 3766 1125 3815 ad

95 3837 190 3889 .Hare
206 3854 233 3903 p.
253 3841 301 3891 115
319 3838 377 3887 eoll.
395 3854 421 3902 p.
443 3838 490 3888 112
502 3853 555 3901 aqq.
573 3837 577 3903 Ι
594 3840 708 3904 ldpetet
728 3837 732 3903 Ι
755 3840 786 3890 26
806 3843 831 3888 et
849 3852 898 3886 om.
914 3839 918 3899 Ι
935 3836 962 3885 31
987 3840 1060 3899 putes
1076 3835 1080 3901 Ι
1096 3839 1124 3884 ut

103 3907 155 3970 tat
174 3909 200 3956 el
218 3922 268 3958 om.
286 3907 321 3970 (o)
337 3908 341 3971 Ι
356 3907 389 3957 35
408 3904 515 3971 quadret
532 3905 568 3969 (v)
