<?xml version="1.0" encoding="UTF-8"?>
<!DOCTYPE html PUBLIC "-//W3C//DTD XHTML 1.0 Transitional//EN"
    "http://www.w3.org/TR/xhtml1/DTD/xhtml1-transitional.dtd">
<html xmlns="http://www.w3.org/1999/xhtml" xml:lang="en" lang="en">
 <head>
  <title>
</title>
<meta http-equiv="Content-Type" content="text/html;charset=utf-8" />
  <meta name='ocr-system' content='tesseract 3.04.00' />
  <meta name='ocr-capabilities' content='ocr_page ocr_carea ocr_par ocr_line ocrx_word'/>
</head>
<body>
  <div class='ocr_page' id='page_1' title='image "./qhoratiiflaccic01hertgoog_0203.png"; bbox 0 0 2640 4372; ppageno 0'>
   <div class='ocr_carea' id='block_1_1' title="bbox 133 212 836 270">
    <p class='ocr_par' dir='ltr' id='par_1_1' title="bbox 133 212 836 270">
     <span class='ocr_line' id='line_1_1' title="bbox 133 212 836 270; baseline -0.003 0"><span class='ocrx_word' id='word_1_1' title='bbox 133 212 194 270; x_wconf 90' lang='grc'>190</span> <span class='ocrx_word' id='word_1_2' title='bbox 496 213 725 266; x_wconf 75' lang='lat' dir='ltr'>EPISTULARUM</span> <span class='ocrx_word' id='word_1_3' title='bbox 743 215 753 266; x_wconf 97' lang='lat' dir='ltr'>l</span> <span class='ocrx_word' id='word_1_4' title='bbox 771 219 794 268; x_wconf 78' lang='lat'>5.</span> <span class='ocrx_word' id='word_1_5' title='bbox 812 218 836 268; x_wconf 86' lang='grc'>6.</span> 
     </span>
    </p>
   </div>
   <div class='ocr_carea' id='block_1_2' title="bbox 211 385 1086 2253">
    <p class='ocr_par' dir='ltr' id='par_1_2' title="bbox 214 385 1071 635">
     <span class='ocr_line' id='line_1_2' title="bbox 216 385 1058 467; baseline 0.006 -24"><span class='ocrx_word' id='word_1_6' title='bbox 216 385 247 444; x_wconf 91' lang='lat' dir='ltr'>Si</span> <span class='ocrx_word' id='word_1_7' title='bbox 269 385 375 447; x_wconf 91' lang='lat' dir='ltr'>melius</span> <span class='ocrx_word' id='word_1_8' title='bbox 398 387 469 464; x_wconf 90' lang='lat' dir='ltr'>quid</span> <span class='ocrx_word' id='word_1_9' title='bbox 490 387 581 447; x_wconf 91' lang='lat' dir='ltr'>babes</span> <span class='ocrx_word' id='word_1_10' title='bbox 604 404 727 459; x_wconf 80' lang='lat' dir='ltr'>arcesse,</span> <span class='ocrx_word' id='word_1_11' title='bbox 750 388 795 448; x_wconf 89' lang='lat' dir='ltr'>vel</span> <span class='ocrx_word' id='word_1_12' title='bbox 818 388 975 467; x_wconf 90' lang='lat' dir='ltr'>imperium</span> <span class='ocrx_word' id='word_1_13' title='bbox 998 389 1058 450; x_wconf 89' lang='lat' dir='ltr'>ler:</span> 
     </span>
     <span class='ocr_line' id='line_1_3' title="bbox 214 469 1071 553; baseline 0.006 -24"><span class='ocrx_word' id='word_1_14' title='bbox 214 469 385 531; x_wconf 81' lang='lat' dir='ltr'>Iamdudum</span> <span class='ocrx_word' id='word_1_15' title='bbox 408 471 544 549; x_wconf 76' lang='lat' dir='ltr'>splendet</span> <span class='ocrx_word' id='word_1_16' title='bbox 566 472 651 532; x_wconf 87' lang='lat' dir='ltr'>locus</span> <span class='ocrx_word' id='word_1_17' title='bbox 673 481 702 531; x_wconf 88' lang='lat' dir='ltr'>et</span> <span class='ocrx_word' id='word_1_18' title='bbox 725 472 775 532; x_wconf 93' lang='lat' dir='ltr'>tibi</span> <span class='ocrx_word' id='word_1_19' title='bbox 799 473 907 534; x_wconf 92' lang='lat' dir='ltr'>munda</span> <span class='ocrx_word' id='word_1_20' title='bbox 931 473 1071 553; x_wconf 82' lang='lat' dir='ltr'><strong>supellex.</strong></span> 
     </span>
     <span class='ocr_line' id='line_1_4' title="bbox 214 553 901 635; baseline 0.006 -21"><span class='ocrx_word' id='word_1_21' title='bbox 214 553 297 615; x_wconf 84' lang='lat' dir='ltr'>blitte</span> <span class='ocrx_word' id='word_1_22' title='bbox 320 555 390 616; x_wconf 89' lang='lat' dir='ltr'>levis</span> <span class='ocrx_word' id='word_1_23' title='bbox 412 574 480 635; x_wconf 92' lang='lat' dir='ltr'>spes</span> <span class='ocrx_word' id='word_1_24' title='bbox 502 566 532 617; x_wconf 90' lang='lat' dir='ltr'>et</span> <span class='ocrx_word' id='word_1_25' title='bbox 554 557 713 617; x_wconf 85' lang='lat' dir='ltr'>certamina</span> <span class='ocrx_word' id='word_1_26' title='bbox 736 557 901 618; x_wconf 88' lang='lat' dir='ltr'>divitiarum</span> 
     </span>
    </p>

    <p class='ocr_par' dir='ltr' id='par_1_3' title="bbox 213 639 994 1231">
     <span class='ocr_line' id='line_1_5' title="bbox 215 639 986 705; baseline 0.008 -6"><span class='ocrx_word' id='word_1_27' title='bbox 215 639 252 700; x_wconf 86' lang='lat' dir='ltr'>Et</span> <span class='ocrx_word' id='word_1_28' title='bbox 274 639 386 701; x_wconf 85' lang='lat' dir='ltr'><strong>Moschi</strong></span> <span class='ocrx_word' id='word_1_29' title='bbox 408 660 542 702; x_wconf 75' lang='lat' dir='ltr'>causam:</span> <span class='ocrx_word' id='word_1_30' title='bbox 567 660 632 702; x_wconf 90' lang='lat' dir='ltr'>cras</span> <span class='ocrx_word' id='word_1_31' title='bbox 655 652 724 701; x_wconf 91' lang='lat' dir='ltr'>nato</span> <span class='ocrx_word' id='word_1_32' title='bbox 748 642 871 704; x_wconf 81' lang='lat' dir='ltr'>Caesare</span> <span class='ocrx_word' id='word_1_33' title='bbox 893 644 986 705; x_wconf 85' lang='lat' dir='ltr'>festus</span> 
     </span>
     <span class='ocr_line' id='line_1_6' title="bbox 215 726 994 807; baseline 0.006 -22"><span class='ocrx_word' id='word_1_34' title='bbox 215 726 271 785; x_wconf 86' lang='lat' dir='ltr'>Dat</span> <span class='ocrx_word' id='word_1_35' title='bbox 292 727 407 786; x_wconf 89' lang='lat' dir='ltr'>veniam</span> <span class='ocrx_word' id='word_1_36' title='bbox 429 745 626 804; x_wconf 87' lang='lat' dir='ltr'>somnumque</span> <span class='ocrx_word' id='word_1_37' title='bbox 649 727 726 800; x_wconf 89' lang='lat' dir='ltr'>dies;</span> <span class='ocrx_word' id='word_1_38' title='bbox 749 728 870 807; x_wconf 90' lang='lat' dir='ltr'>impune</span> <span class='ocrx_word' id='word_1_39' title='bbox 894 729 994 790; x_wconf 81' lang='lat' dir='ltr'>licebit</span> 
     </span>
     <span class='ocr_line' id='line_1_7' title="bbox 213 811 970 891; baseline 0.004 -21"><span class='ocrx_word' id='word_1_40' title='bbox 213 811 357 871; x_wconf 81' lang='lat' dir='ltr'>Aestivam</span> <span class='ocrx_word' id='word_1_41' title='bbox 380 829 518 872; x_wconf 85' lang='lat' dir='ltr'>sermone</span> <span class='ocrx_word' id='word_1_42' title='bbox 541 811 671 891; x_wconf 86' lang='lat' dir='ltr'>benigno</span> <span class='ocrx_word' id='word_1_43' title='bbox 695 814 817 873; x_wconf 87' lang='lat' dir='ltr'>tendere</span> <span class='ocrx_word' id='word_1_44' title='bbox 841 824 970 874; x_wconf 91' lang='lat' dir='ltr'>noctem.</span> 
     </span>
     <span class='ocr_line' id='line_1_8' title="bbox 214 896 976 970; baseline 0.004 -13"><span class='ocrx_word' id='word_1_45' title='bbox 214 896 280 965; x_wconf 81' lang='lat' dir='ltr'>Quo</span> <span class='ocrx_word' id='word_1_46' title='bbox 303 897 374 956; x_wconf 86' lang='lat' dir='ltr'>mibi</span> <span class='ocrx_word' id='word_1_47' title='bbox 397 897 558 970; x_wconf 86' lang='lat' dir='ltr'>fortunam,</span> <span class='ocrx_word' id='word_1_48' title='bbox 581 898 605 958; x_wconf 90' lang='lat' dir='ltr'>si</span> <span class='ocrx_word' id='word_1_49' title='bbox 630 917 689 957; x_wconf 91' lang='lat' dir='ltr'>non</span> <span class='ocrx_word' id='word_1_50' title='bbox 714 899 887 959; x_wconf 81' lang='lat' dir='ltr'>conceditur</span> <span class='ocrx_word' id='word_1_51' title='bbox 909 897 976 960; x_wconf 79' lang='lat' dir='ltr'>uti?</span> 
     </span>
     <span class='ocr_line' id='line_1_9' title="bbox 213 981 994 1062; baseline 0.008 -23"><span class='ocrx_word' id='word_1_52' title='bbox 213 981 323 1042; x_wconf 90' lang='lat' dir='ltr'>Parcus</span> <span class='ocrx_word' id='word_1_53' title='bbox 346 982 384 1041; x_wconf 95' lang='lat' dir='ltr'>ob</span> <span class='ocrx_word' id='word_1_54' title='bbox 406 981 523 1042; x_wconf 89' lang='lat' dir='ltr'>heredis</span> <span class='ocrx_word' id='word_1_55' title='bbox 545 1001 645 1043; x_wconf 91' lang='lat' dir='ltr'>curam</span> <span class='ocrx_word' id='word_1_56' title='bbox 669 983 851 1062; x_wconf 90' lang='lat' dir='ltr'>nimiumque</span> <span class='ocrx_word' id='word_1_57' title='bbox 873 1002 994 1045; x_wconf 79' lang='lat' dir='ltr'>severus</span> 
     </span>
     <span class='ocr_line' id='line_1_10' title="bbox 213 1067 925 1146; baseline 0.004 -20"><span class='ocrx_word' id='word_1_58' title='bbox 213 1067 332 1127; x_wconf 73' lang='lat' dir='ltr'>Adsidet</span> <span class='ocrx_word' id='word_1_59' title='bbox 354 1068 475 1127; x_wconf 89' lang='lat' dir='ltr'>insano:</span> <span class='ocrx_word' id='word_1_60' title='bbox 499 1076 602 1146; x_wconf 92' lang='lat' dir='ltr'>potare</span> <span class='ocrx_word' id='word_1_61' title='bbox 625 1077 655 1127; x_wconf 92' lang='lat' dir='ltr'>et</span> <span class='ocrx_word' id='word_1_62' title='bbox 676 1086 814 1146; x_wconf 84' lang='lat' dir='ltr'>spargere</span> <span class='ocrx_word' id='word_1_63' title='bbox 837 1069 925 1130; x_wconf 90' lang='lat' dir='ltr'>llores</span> 
     </span>
     <span class='ocr_line' id='line_1_11' title="bbox 213 1151 942 1231; baseline 0.005 -22"><span class='ocrx_word' id='word_1_64' title='bbox 213 1151 356 1231; x_wconf 80' lang='lat' dir='ltr'>Incipiam</span> <span class='ocrx_word' id='word_1_65' title='bbox 381 1152 532 1230; x_wconf 90' lang='lat' dir='ltr'>patiarque</span> <span class='ocrx_word' id='word_1_66' title='bbox 555 1154 598 1213; x_wconf 86' lang='lat' dir='ltr'>vel</span> <span class='ocrx_word' id='word_1_67' title='bbox 623 1154 809 1214; x_wconf 87' lang='lat' dir='ltr'>inconsultus</span> <span class='ocrx_word' id='word_1_68' title='bbox 831 1154 942 1214; x_wconf 91' lang='lat' dir='ltr'>baberi.</span> 
     </span>
    </p>

    <p class='ocr_par' dir='ltr' id='par_1_4' title="bbox 212 1235 1086 1990">
     <span class='ocr_line' id='line_1_12' title="bbox 213 1235 995 1317; baseline 0.006 -21"><span class='ocrx_word' id='word_1_69' title='bbox 213 1237 290 1308; x_wconf 80' lang='lat' dir='ltr'>Quid</span> <span class='ocrx_word' id='word_1_70' title='bbox 314 1255 375 1297; x_wconf 94' lang='lat' dir='ltr'>non</span> <span class='ocrx_word' id='word_1_71' title='bbox 399 1236 525 1298; x_wconf 83' lang='lat' dir='ltr'>ebrietas</span> <span class='ocrx_word' id='word_1_72' title='bbox 547 1235 710 1314; x_wconf 81' lang='lat' dir='ltr'>dissignat?</span> <span class='ocrx_word' id='word_1_73' title='bbox 734 1248 836 1317; x_wconf 91' lang='lat' dir='ltr'>operta</span> <span class='ocrx_word' id='word_1_74' title='bbox 860 1239 995 1310; x_wconf 64' lang='lat' dir='ltr'>recludit,</span> 
     </span>
     <span class='ocr_line' id='line_1_13' title="bbox 212 1321 1050 1402; baseline 0.002 -21"><span class='ocrx_word' id='word_1_75' title='bbox 212 1323 287 1401; x_wconf 89' lang='lat' dir='ltr'>Spes</span> <span class='ocrx_word' id='word_1_76' title='bbox 309 1321 391 1382; x_wconf 86' lang='lat' dir='ltr'>iubet</span> <span class='ocrx_word' id='word_1_77' title='bbox 412 1341 476 1383; x_wconf 89' lang='lat' dir='ltr'>esse</span> <span class='ocrx_word' id='word_1_78' title='bbox 499 1334 586 1396; x_wconf 84' lang='lat' dir='ltr'>ratas,</span> <span class='ocrx_word' id='word_1_79' title='bbox 608 1325 643 1383; x_wconf 93' lang='lat' dir='ltr'>ad</span> <span class='ocrx_word' id='word_1_80' title='bbox 667 1323 777 1402; x_wconf 92' lang='lat' dir='ltr'>proelia</span> <span class='ocrx_word' id='word_1_81' title='bbox 801 1324 892 1384; x_wconf 92' lang='lat' dir='ltr'>trudit</span> <span class='ocrx_word' id='word_1_82' title='bbox 914 1325 1050 1397; x_wconf 85' lang='lat' dir='ltr'>inertem,</span> 
     </span>
     <span class='ocr_line' id='line_1_14' title="bbox 212 1407 955 1480; baseline 0.003 -14"><span class='ocrx_word' id='word_1_83' title='bbox 212 1407 351 1467; x_wconf 86' lang='lat' dir='ltr'>Sollicitis</span> <span class='ocrx_word' id='word_1_84' title='bbox 372 1408 477 1468; x_wconf 91' lang='lat' dir='ltr'>animis</span> <span class='ocrx_word' id='word_1_85' title='bbox 499 1427 576 1468; x_wconf 91' lang='lat' dir='ltr'>onus</span> <span class='ocrx_word' id='word_1_86' title='bbox 598 1409 706 1480; x_wconf 76' lang='lat' dir='ltr'>eximit,</span> <span class='ocrx_word' id='word_1_87' title='bbox 729 1410 852 1469; x_wconf 88' lang='lat' dir='ltr'>addocet</span> <span class='ocrx_word' id='word_1_88' title='bbox 874 1410 955 1470; x_wconf 92' lang='lat' dir='ltr'>artis.</span> 
     </span>
     <span class='ocr_line' id='line_1_15' title="bbox 212 1491 1086 1571; baseline 0.003 -20"><span class='ocrx_word' id='word_1_89' title='bbox 212 1491 343 1552; x_wconf 86' lang='lat' dir='ltr'>Fecundi</span> <span class='ocrx_word' id='word_1_90' title='bbox 366 1493 471 1553; x_wconf 82' lang='lat' dir='ltr'>calices</span> <span class='ocrx_word' id='word_1_91' title='bbox 494 1512 582 1571; x_wconf 90' lang='lat' dir='ltr'>quern</span> <span class='ocrx_word' id='word_1_92' title='bbox 607 1513 667 1553; x_wconf 93' lang='lat' dir='ltr'>non</span> <span class='ocrx_word' id='word_1_93' title='bbox 690 1494 787 1555; x_wconf 86' lang='lat' dir='ltr'>fecere</span> <span class='ocrx_word' id='word_1_94' title='bbox 809 1495 962 1565; x_wconf 83' lang='lat' dir='ltr'>disertum,</span> <span class='ocrx_word' id='word_1_95' title='bbox 1079 1563 1086 1569; x_wconf 43' lang='lat'><strong>,</strong></span> 
     </span>
     <span class='ocr_line' id='line_1_16' title="bbox 214 1577 994 1657; baseline 0.003 -21"><span class='ocrx_word' id='word_1_96' title='bbox 214 1577 370 1637; x_wconf 85' lang='lat' dir='ltr'>Contracta</span> <span class='ocrx_word' id='word_1_97' title='bbox 394 1596 481 1654; x_wconf 87' lang='lat' dir='ltr'>quem</span> <span class='ocrx_word' id='word_1_98' title='bbox 507 1598 566 1638; x_wconf 93' lang='lat' dir='ltr'>non</span> <span class='ocrx_word' id='word_1_99' title='bbox 591 1579 621 1638; x_wconf 94' lang='lat' dir='ltr'>in</span> <span class='ocrx_word' id='word_1_100' title='bbox 644 1589 819 1657; x_wconf 89' lang='lat' dir='ltr'>paupertate</span> <span class='ocrx_word' id='word_1_101' title='bbox 841 1577 994 1640; x_wconf 83' lang='lat' dir='ltr'>solutum‘l</span> 
     </span>
     <span class='ocr_line' id='line_1_17' title="bbox 213 1663 1039 1742; baseline 0.004 -20"><span class='ocrx_word' id='word_1_102' title='bbox 213 1663 292 1723; x_wconf 89' lang='lat' dir='ltr'>llaec</span> <span class='ocrx_word' id='word_1_103' title='bbox 315 1681 370 1740; x_wconf 84' lang='lat' dir='ltr'>ego</span> <span class='ocrx_word' id='word_1_104' title='bbox 393 1681 553 1741; x_wconf 91' lang='lat' dir='ltr'>procurare</span> <span class='ocrx_word' id='word_1_105' title='bbox 577 1673 606 1724; x_wconf 90' lang='lat' dir='ltr'>et</span> <span class='ocrx_word' id='word_1_106' title='bbox 626 1664 752 1724; x_wconf 91' lang='lat' dir='ltr'>idoneus</span> <span class='ocrx_word' id='word_1_107' title='bbox 774 1664 905 1742; x_wconf 91' lang='lat' dir='ltr'>imperor</span> <span class='ocrx_word' id='word_1_108' title='bbox 927 1675 957 1724; x_wconf 91' lang='lat' dir='ltr'>et</span> <span class='ocrx_word' id='word_1_109' title='bbox 978 1683 1039 1725; x_wconf 92' lang='lat' dir='ltr'>non</span> 
     </span>
     <span class='ocr_line' id='line_1_18' title="bbox 212 1749 943 1828; baseline 0.003 -21"><span class='ocrx_word' id='word_1_110' title='bbox 212 1749 332 1822; x_wconf 85' lang='lat' dir='ltr'>lnritus,</span> <span class='ocrx_word' id='word_1_111' title='bbox 357 1767 395 1808; x_wconf 91' lang='lat' dir='ltr'>ne</span> <span class='ocrx_word' id='word_1_112' title='bbox 417 1758 504 1827; x_wconf 91' lang='lat' dir='ltr'>turpe</span> <span class='ocrx_word' id='word_1_113' title='bbox 528 1750 612 1820; x_wconf 90' lang='lat' dir='ltr'>toral,</span> <span class='ocrx_word' id='word_1_114' title='bbox 636 1769 674 1810; x_wconf 93' lang='lat' dir='ltr'>ne</span> <span class='ocrx_word' id='word_1_115' title='bbox 697 1749 815 1810; x_wconf 91' lang='lat' dir='ltr'>sordida</span> <span class='ocrx_word' id='word_1_116' title='bbox 837 1767 943 1828; x_wconf 91' lang='lat' dir='ltr'>mappa</span> 
     </span>
     <span class='ocr_line' id='line_1_19' title="bbox 213 1833 997 1911; baseline 0.001 -17"><span class='ocrx_word' id='word_1_117' title='bbox 213 1833 364 1911; x_wconf 80' lang='lat' dir='ltr'>Conruget</span> <span class='ocrx_word' id='word_1_118' title='bbox 388 1834 476 1904; x_wconf 88' lang='lat' dir='ltr'>naris,</span> <span class='ocrx_word' id='word_1_119' title='bbox 501 1853 537 1894; x_wconf 92' lang='lat' dir='ltr'>ne</span> <span class='ocrx_word' id='word_1_120' title='bbox 561 1854 621 1895; x_wconf 93' lang='lat' dir='ltr'>non</span> <span class='ocrx_word' id='word_1_121' title='bbox 646 1844 675 1894; x_wconf 91' lang='lat' dir='ltr'>et</span> <span class='ocrx_word' id='word_1_122' title='bbox 697 1835 855 1896; x_wconf 91' lang='lat' dir='ltr'>cantharus</span> <span class='ocrx_word' id='word_1_123' title='bbox 877 1844 907 1895; x_wconf 91' lang='lat' dir='ltr'>et</span> <span class='ocrx_word' id='word_1_124' title='bbox 928 1835 997 1895; x_wconf 80' lang='lat' dir='ltr'>lanx</span> 
     </span>
     <span class='ocr_line' id='line_1_20' title="bbox 213 1917 882 1990; baseline 0.004 -12"><span class='ocrx_word' id='word_1_125' title='bbox 213 1917 354 1979; x_wconf 83' lang='lat' dir='ltr'>Ostendat</span> <span class='ocrx_word' id='word_1_126' title='bbox 376 1918 428 1977; x_wconf 92' lang='lat' dir='ltr'>tibi</span> <span class='ocrx_word' id='word_1_127' title='bbox 452 1929 490 1990; x_wconf 87' lang='lat' dir='ltr'>te,</span> <span class='ocrx_word' id='word_1_128' title='bbox 516 1938 553 1979; x_wconf 90' lang='lat' dir='ltr'>ne</span> <span class='ocrx_word' id='word_1_129' title='bbox 575 1919 649 1980; x_wconf 87' lang='lat' dir='ltr'>fidos</span> <span class='ocrx_word' id='word_1_130' title='bbox 672 1921 750 1980; x_wconf 91' lang='lat' dir='ltr'>inter</span> <span class='ocrx_word' id='word_1_131' title='bbox 772 1920 882 1981; x_wconf 92' lang='lat' dir='ltr'>amicos</span> 
     </span>
    </p>

    <p class='ocr_par' dir='ltr' id='par_1_5' title="bbox 211 2003 973 2169">
     <span class='ocr_line' id='line_1_21' title="bbox 212 2003 955 2083; baseline 0.003 -21"><span class='ocrx_word' id='word_1_132' title='bbox 212 2003 256 2062; x_wconf 87' lang='lat' dir='ltr'>Sit</span> <span class='ocrx_word' id='word_1_133' title='bbox 278 2005 328 2080; x_wconf 91' lang='lat' dir='ltr'>qui</span> <span class='ocrx_word' id='word_1_134' title='bbox 351 2003 427 2063; x_wconf 92' lang='lat' dir='ltr'>dicta</span> <span class='ocrx_word' id='word_1_135' title='bbox 451 2003 529 2063; x_wconf 85' lang='lat' dir='ltr'>loras</span> <span class='ocrx_word' id='word_1_136' title='bbox 551 2004 690 2064; x_wconf 84' lang='lat' dir='ltr'>eliminet.</span> <span class='ocrx_word' id='word_1_137' title='bbox 735 2004 774 2064; x_wconf 91' lang='lat' dir='ltr'>Ut</span> <span class='ocrx_word' id='word_1_138' title='bbox 795 2014 879 2065; x_wconf 91' lang='lat' dir='ltr'>coeat</span> <span class='ocrx_word' id='word_1_139' title='bbox 898 2005 955 2083; x_wconf 83' lang='lat' dir='ltr'>&#39;par</span> 
     </span>
     <span class='ocr_line' id='line_1_22' title="bbox 211 2087 973 2169; baseline 0.005 -23"><span class='ocrx_word' id='word_1_140' title='bbox 211 2088 413 2166; x_wconf 84' lang='lat' dir='ltr'>lungaturque</span> <span class='ocrx_word' id='word_1_141' title='bbox 436 2088 507 2165; x_wconf 79' lang='lat' dir='ltr'>pari,</span> <span class='ocrx_word' id='word_1_142' title='bbox 533 2087 653 2147; x_wconf 90' lang='lat' dir='ltr'>Butram</span> <span class='ocrx_word' id='word_1_143' title='bbox 676 2090 727 2149; x_wconf 88' lang='lat' dir='ltr'>tibi</span> <span class='ocrx_word' id='word_1_144' title='bbox 750 2090 973 2169; x_wconf 87' lang='lat' dir='ltr'>Septiciumque</span> 
     </span>
    </p>

    <p class='ocr_par' dir='ltr' id='par_1_6' title="bbox 211 2172 993 2253">
     <span class='ocr_line' id='line_1_23' title="bbox 211 2172 993 2253; baseline 0.003 -22"><span class='ocrx_word' id='word_1_145' title='bbox 211 2172 249 2231; x_wconf 90' lang='lat' dir='ltr'>Et</span> <span class='ocrx_word' id='word_1_146' title='bbox 271 2173 328 2232; x_wconf 90' lang='lat' dir='ltr'>nisi</span> <span class='ocrx_word' id='word_1_147' title='bbox 351 2190 424 2231; x_wconf 90' lang='lat' dir='ltr'>cena</span> <span class='ocrx_word' id='word_1_148' title='bbox 447 2173 528 2250; x_wconf 92' lang='lat' dir='ltr'>prior</span> <span class='ocrx_word' id='word_1_149' title='bbox 550 2174 708 2252; x_wconf 90' lang='lat' dir='ltr'>potiorque</span> <span class='ocrx_word' id='word_1_150' title='bbox 731 2175 828 2253; x_wconf 92' lang='lat' dir='ltr'>puella</span> <span class='ocrx_word' id='word_1_151' title='bbox 851 2174 993 2235; x_wconf 91' lang='lat' dir='ltr'>Sabinum</span> 
     </span>
    </p>
   </div>
   <div class='ocr_carea' id='block_1_3' title="bbox 210 2257 1044 2592">
    <p class='ocr_par' dir='ltr' id='par_1_7' title="bbox 210 2257 1044 2505">
     <span class='ocr_line' id='line_1_24' title="bbox 212 2257 1044 2339; baseline 0.005 -23"><span class='ocrx_word' id='word_1_152' title='bbox 212 2257 330 2316; x_wconf 86' lang='lat' dir='ltr'>Detinet</span> <span class='ocrx_word' id='word_1_153' title='bbox 350 2257 518 2329; x_wconf 83' lang='lat' dir='ltr'>adsumam3</span> <span class='ocrx_word' id='word_1_154' title='bbox 540 2257 623 2319; x_wconf 93' lang='lat' dir='ltr'>locus</span> <span class='ocrx_word' id='word_1_155' title='bbox 645 2269 741 2319; x_wconf 90' lang='lat' dir='ltr'>estet</span> <span class='ocrx_word' id='word_1_156' title='bbox 763 2259 898 2339; x_wconf 92' lang='lat' dir='ltr'>pluribus</span> <span class='ocrx_word' id='word_1_157' title='bbox 922 2259 1044 2332; x_wconf 86' lang='lat' dir='ltr'>umbris,</span> 
     </span>
     <span class='ocr_line' id='line_1_25' title="bbox 211 2342 1032 2424; baseline 0.005 -24"><span class='ocrx_word' id='word_1_158' title='bbox 211 2343 268 2403; x_wconf 86' lang='lat' dir='ltr'>Sed</span> <span class='ocrx_word' id='word_1_159' title='bbox 292 2342 380 2402; x_wconf 90' lang='lat' dir='ltr'>nimis</span> <span class='ocrx_word' id='word_1_160' title='bbox 401 2352 462 2402; x_wconf 92' lang='lat' dir='ltr'>arta</span> <span class='ocrx_word' id='word_1_161' title='bbox 485 2352 626 2421; x_wconf 86' lang='lat' dir='ltr'>premunt</span> <span class='ocrx_word' id='word_1_162' title='bbox 648 2344 741 2404; x_wconf 89' lang='lat' dir='ltr'>olidae</span> <span class='ocrx_word' id='word_1_163' title='bbox 763 2346 894 2406; x_wconf 91' lang='lat' dir='ltr'>conviria</span> <span class='ocrx_word' id='word_1_164' title='bbox 917 2363 1032 2424; x_wconf 90' lang='lat' dir='ltr'>caprae.</span> 
     </span>
     <span class='ocr_line' id='line_1_26' title="bbox 210 2427 1019 2505; baseline 0.005 -18"><span class='ocrx_word' id='word_1_165' title='bbox 210 2427 255 2487; x_wconf 84' lang='lat' dir='ltr'>Tu</span> <span class='ocrx_word' id='word_1_166' title='bbox 279 2437 388 2505; x_wconf 84' lang='lat' dir='ltr'>quotus</span> <span class='ocrx_word' id='word_1_167' title='bbox 410 2447 473 2488; x_wconf 91' lang='lat' dir='ltr'>esse</span> <span class='ocrx_word' id='word_1_168' title='bbox 496 2428 566 2489; x_wconf 87' lang='lat' dir='ltr'>velis</span> <span class='ocrx_word' id='word_1_169' title='bbox 588 2430 718 2490; x_wconf 89' lang='lat' dir='ltr'>rescribe</span> <span class='ocrx_word' id='word_1_170' title='bbox 741 2442 770 2490; x_wconf 92' lang='lat' dir='ltr'>et</span> <span class='ocrx_word' id='word_1_171' title='bbox 793 2431 881 2491; x_wconf 90' lang='lat' dir='ltr'>rebus</span> <span class='ocrx_word' id='word_1_172' title='bbox 903 2430 1019 2491; x_wconf 88' lang='lat' dir='ltr'>omissis</span> 
     </span>
    </p>

    <p class='ocr_par' dir='ltr' id='par_1_8' title="bbox 213 2513 874 2592">
     <span class='ocr_line' id='line_1_27' title="bbox 213 2513 874 2592; baseline 0.005 -20"><span class='ocrx_word' id='word_1_173' title='bbox 213 2513 291 2573; x_wconf 79' lang='lat' dir='ltr'>Atria</span> <span class='ocrx_word' id='word_1_174' title='bbox 313 2523 477 2574; x_wconf 89' lang='lat' dir='ltr'>servantem</span> <span class='ocrx_word' id='word_1_175' title='bbox 501 2515 616 2592; x_wconf 88' lang='lat' dir='ltr'>postico</span> <span class='ocrx_word' id='word_1_176' title='bbox 639 2516 704 2575; x_wconf 86' lang='lat' dir='ltr'>salle</span> <span class='ocrx_word' id='word_1_177' title='bbox 727 2515 874 2576; x_wconf 90' lang='lat' dir='ltr'>clientem.</span> 
     </span>
    </p>
   </div>
   <div class='ocr_carea' id='block_1_4' title="bbox 642 2767 679 2825">
    <p class='ocr_par' dir='ltr' id='par_1_9' title="bbox 642 2767 679 2825">
     <span class='ocr_line' id='line_1_28' title="bbox 642 2767 679 2825; baseline 0 0"><span class='ocrx_word' id='word_1_178' title='bbox 642 2767 679 2825; x_wconf 92' lang='lat' dir='ltr'>Vl</span> 
     </span>
    </p>
   </div>
   <div class='ocr_carea' id='block_1_5' title="bbox 152 2886 1021 3475">
    <p class='ocr_par' dir='ltr' id='par_1_10' title="bbox 152 2886 1021 3475">
     <span class='ocr_line' id='line_1_29' title="bbox 211 2886 908 2966; baseline -0.001 -20"><span class='ocrx_word' id='word_1_179' title='bbox 211 2886 257 2946; x_wconf 77' lang='lat' dir='ltr'>Nil</span> <span class='ocrx_word' id='word_1_180' title='bbox 279 2887 414 2946; x_wconf 88' lang='lat' dir='ltr'>admirari</span> <span class='ocrx_word' id='word_1_181' title='bbox 437 2905 531 2966; x_wconf 92' lang='lat' dir='ltr'>prope</span> <span class='ocrx_word' id='word_1_182' title='bbox 555 2905 602 2947; x_wconf 91' lang='lat' dir='ltr'>res</span> <span class='ocrx_word' id='word_1_183' title='bbox 625 2898 669 2947; x_wconf 87' lang='lat' dir='ltr'>est</span> <span class='ocrx_word' id='word_1_184' title='bbox 692 2905 759 2959; x_wconf 89' lang='lat' dir='ltr'>una,</span> <span class='ocrx_word' id='word_1_185' title='bbox 783 2887 908 2955; x_wconf 75' lang='lat' dir='ltr'>Numici,</span> 
     </span>
     <span class='ocr_line' id='line_1_30' title="bbox 211 2971 1021 3050; baseline -0.002 -19"><span class='ocrx_word' id='word_1_186' title='bbox 211 2972 348 3050; x_wconf 83' lang='lat' dir='ltr'>Solaque,</span> <span class='ocrx_word' id='word_1_187' title='bbox 371 2989 446 3048; x_wconf 88' lang='lat' dir='ltr'>quae</span> <span class='ocrx_word' id='word_1_188' title='bbox 469 2972 562 3050; x_wconf 91' lang='lat' dir='ltr'>possit</span> <span class='ocrx_word' id='word_1_189' title='bbox 584 2974 680 3031; x_wconf 86' lang='lat' dir='ltr'>facere</span> <span class='ocrx_word' id='word_1_190' title='bbox 703 2982 730 3031; x_wconf 91' lang='lat' dir='ltr'>et</span> <span class='ocrx_word' id='word_1_191' title='bbox 753 2990 870 3032; x_wconf 90' lang='lat' dir='ltr'>serrare</span> <span class='ocrx_word' id='word_1_192' title='bbox 892 2971 1021 3031; x_wconf 87' lang='lat' dir='ltr'>beatum.</span> 
     </span>
     <span class='ocr_line' id='line_1_31' title="bbox 211 3055 940 3117; baseline 0.001 -3"><span class='ocrx_word' id='word_1_193' title='bbox 211 3056 299 3117; x_wconf 90' lang='lat' dir='ltr'>Hunc</span> <span class='ocrx_word' id='word_1_194' title='bbox 321 3056 411 3117; x_wconf 88' lang='lat' dir='ltr'>solem</span> <span class='ocrx_word' id='word_1_195' title='bbox 436 3066 465 3115; x_wconf 92' lang='lat' dir='ltr'>et</span> <span class='ocrx_word' id='word_1_196' title='bbox 487 3057 584 3117; x_wconf 91' lang='lat' dir='ltr'>stellas</span> <span class='ocrx_word' id='word_1_197' title='bbox 606 3067 635 3115; x_wconf 90' lang='lat' dir='ltr'>et</span> <span class='ocrx_word' id='word_1_198' title='bbox 657 3055 829 3117; x_wconf 89' lang='lat' dir='ltr'>decedentia</span> <span class='ocrx_word' id='word_1_199' title='bbox 851 3057 940 3116; x_wconf 91' lang='lat' dir='ltr'>certis</span> 
     </span>
     <span class='ocr_line' id='line_1_32' title="bbox 210 3141 984 3220; baseline -0.001 -20"><span class='ocrx_word' id='word_1_200' title='bbox 210 3141 358 3220; x_wconf 87' lang='lat' dir='ltr'>Tempora</span> <span class='ocrx_word' id='word_1_201' title='bbox 380 3143 537 3202; x_wconf 91' lang='lat' dir='ltr'>momentis</span> <span class='ocrx_word' id='word_1_202' title='bbox 558 3153 628 3202; x_wconf 93' lang='lat' dir='ltr'>sunt</span> <span class='ocrx_word' id='word_1_203' title='bbox 651 3143 701 3220; x_wconf 90' lang='lat' dir='ltr'>qui</span> <span class='ocrx_word' id='word_1_204' title='bbox 723 3142 881 3202; x_wconf 80' lang='lat' dir='ltr'>tormidine</span> <span class='ocrx_word' id='word_1_205' title='bbox 904 3141 984 3201; x_wconf 93' lang='lat' dir='ltr'>nulla</span> 
     </span>
     <span class='ocr_line' id='line_1_33' title="bbox 152 3225 1007 3304; baseline 0.001 -21"><span class='ocrx_word' id='word_1_206' title='bbox 152 3237 167 3283; x_wconf 73' lang='lat' dir='ltr'>a</span> <span class='ocrx_word' id='word_1_207' title='bbox 211 3225 318 3286; x_wconf 91' lang='lat' dir='ltr'>lmbuti</span> <span class='ocrx_word' id='word_1_208' title='bbox 341 3234 485 3304; x_wconf 89' lang='lat' dir='ltr'>spectent.</span> <span class='ocrx_word' id='word_1_209' title='bbox 530 3225 606 3296; x_wconf 83' lang='lat' dir='ltr'>Quid</span> <span class='ocrx_word' id='word_1_210' title='bbox 630 3244 734 3288; x_wconf 92' lang='lat' dir='ltr'>censes</span> <span class='ocrx_word' id='word_1_211' title='bbox 756 3245 879 3287; x_wconf 91' lang='lat' dir='ltr'>munera</span> <span class='ocrx_word' id='word_1_212' title='bbox 902 3237 1007 3296; x_wconf 84' lang='lat' dir='ltr'>terrae,</span> 
     </span>
     <span class='ocr_line' id='line_1_34' title="bbox 210 3310 1016 3381; baseline -0.001 -11"><span class='ocrx_word' id='word_1_213' title='bbox 210 3310 287 3379; x_wconf 82' lang='lat' dir='ltr'>Quid</span> <span class='ocrx_word' id='word_1_214' title='bbox 310 3310 399 3370; x_wconf 90' lang='lat' dir='ltr'>maris</span> <span class='ocrx_word' id='word_1_215' title='bbox 422 3320 568 3371; x_wconf 80' lang='lat' dir='ltr'>extremos</span> <span class='ocrx_word' id='word_1_216' title='bbox 592 3311 701 3372; x_wconf 79' lang='lat' dir='ltr'>Arabas</span> <span class='ocrx_word' id='word_1_217' title='bbox 723 3313 843 3372; x_wconf 87' lang='lat' dir='ltr'>ditantis</span> <span class='ocrx_word' id='word_1_218' title='bbox 865 3320 895 3372; x_wconf 92' lang='lat' dir='ltr'>et</span> <span class='ocrx_word' id='word_1_219' title='bbox 916 3311 1016 3381; x_wconf 76' lang='lat' dir='ltr'>lndos,</span> 
     </span>
     <span class='ocr_line' id='line_1_35' title="bbox 210 3391 1006 3475; baseline 0 -21"><span class='ocrx_word' id='word_1_220' title='bbox 210 3395 334 3455; x_wconf 92' lang='lat' dir='ltr'>Ludicra</span> <span class='ocrx_word' id='word_1_221' title='bbox 358 3395 437 3473; x_wconf 79' lang='lat' dir='ltr'>quid,</span> <span class='ocrx_word' id='word_1_222' title='bbox 459 3395 579 3475; x_wconf 90' lang='lat' dir='ltr'>plausus</span> <span class='ocrx_word' id='word_1_223' title='bbox 602 3408 631 3457; x_wconf 87' lang='lat' dir='ltr'>et</span> <span class='ocrx_word' id='word_1_224' title='bbox 652 3397 738 3458; x_wconf 91' lang='lat' dir='ltr'>amici</span> <span class='ocrx_word' id='word_1_225' title='bbox 760 3398 838 3457; x_wconf 91' lang='lat' dir='ltr'>dona</span> <span class='ocrx_word' id='word_1_226' title='bbox 861 3391 1006 3467; x_wconf 82' lang='lat' dir='ltr'>Quiritis?</span> 
     </span>
    </p>
   </div>
   <div class='ocr_carea' id='block_1_6' title="bbox 122 3624 1188 3969">
    <p class='ocr_par' dir='ltr' id='par_1_11' title="bbox 122 3624 1188 3969">
     <span class='ocr_line' id='line_1_36' title="bbox 209 3624 1188 3704; baseline 0.001 -28"><span class='ocrx_word' id='word_1_227' title='bbox 209 3627 231 3676; x_wconf 81' lang='lat' dir='ltr'>V</span> <span class='ocrx_word' id='word_1_228' title='bbox 251 3645 273 3679; x_wconf 86' lang='lat' dir='ltr'>u.</span> <span class='ocrx_word' id='word_1_229' title='bbox 296 3633 323 3682; x_wconf 89' lang='lat'>11</span> <span class='ocrx_word' id='word_1_230' title='bbox 344 3629 463 3680; x_wconf 87' lang='lat' dir='ltr'>lestiuam</span> <span class='ocrx_word' id='word_1_231' title='bbox 481 3631 516 3693; x_wconf 78' lang='lat' dir='ltr'>(a)</span> <span class='ocrx_word' id='word_1_232' title='bbox 528 3630 676 3680; x_wconf 65' lang='lat' dir='ltr'>Maenalius</span> <span class='ocrx_word' id='word_1_233' title='bbox 691 3632 695 3695; x_wconf 91' lang='grc' dir='ltr'>Ι</span> <span class='ocrx_word' id='word_1_234' title='bbox 713 3633 744 3683; x_wconf 84' lang='grc'>16</span> <span class='ocrx_word' id='word_1_235' title='bbox 756 3631 874 3696; x_wconf 76' lang='lat' dir='ltr'>designat</span> <span class='ocrx_word' id='word_1_236' title='bbox 888 3631 893 3693; x_wconf 86' lang='grc' dir='ltr'>Ι</span> <span class='ocrx_word' id='word_1_237' title='bbox 911 3633 939 3682; x_wconf 77' lang='lat' dir='ltr'>tt</span> <span class='ocrx_word' id='word_1_238' title='bbox 954 3629 1077 3680; x_wconf 85' lang='lat' dir='ltr'>inermem</span> <span class='ocrx_word' id='word_1_239' title='bbox 1093 3629 1097 3692; x_wconf 88' lang='grc' dir='ltr'>Ι</span> <span class='ocrx_word' id='word_1_240' title='bbox 1115 3628 1144 3678; x_wconf 85' lang='grc'>19</span> <span class='ocrx_word' id='word_1_241' title='bbox 1156 3624 1188 3704; x_wconf 49' lang='lat' dir='ltr'>ia:</span> 
     </span>
     <span class='ocr_line' id='line_1_37' title="bbox 123 3691 1186 3766; baseline -0.004 -19"><span class='ocrx_word' id='word_1_242' title='bbox 123 3696 197 3747; x_wconf 90' lang='lat' dir='ltr'>cundi</span> <span class='ocrx_word' id='word_1_243' title='bbox 214 3704 217 3760; x_wconf 66' lang='grc' dir='ltr'>ξ</span> <span class='ocrx_word' id='word_1_244' title='bbox 234 3699 267 3749; x_wconf 73' lang='lat'>23</span> <span class='ocrx_word' id='word_1_245' title='bbox 285 3713 332 3748; x_wconf 91' lang='lat' dir='ltr'>uec</span> <span class='ocrx_word' id='word_1_246' title='bbox 351 3714 400 3749; x_wconf 91' lang='lat' dir='ltr'>non</span> <span class='ocrx_word' id='word_1_247' title='bbox 420 3702 455 3761; x_wconf 80' lang='lat' dir='ltr'>(a)</span> <span class='ocrx_word' id='word_1_248' title='bbox 470 3698 475 3764; x_wconf 88' lang='grc'>1</span> <span class='ocrx_word' id='word_1_249' title='bbox 491 3701 522 3750; x_wconf 82' lang='lat'>25</span> <span class='ocrx_word' id='word_1_250' title='bbox 534 3715 573 3763; x_wconf 80' lang='lat' dir='ltr'>sq.</span> <span class='ocrx_word' id='word_1_251' title='bbox 592 3697 713 3749; x_wconf 88' lang='lat' dir='ltr'>eliminet.</span> <span class='ocrx_word' id='word_1_252' title='bbox 732 3697 864 3766; x_wconf 87' lang='lat' dir='ltr'>Ut-pari‚</span> <span class='ocrx_word' id='word_1_253' title='bbox 877 3697 989 3760; x_wconf 76' lang='lat' dir='ltr'>butram]</span> <span class='ocrx_word' id='word_1_254' title='bbox 1007 3697 1056 3746; x_wconf 80' lang='lat' dir='ltr'>Ios.</span> <span class='ocrx_word' id='word_1_255' title='bbox 1071 3691 1186 3746; x_wconf 68' lang='lat' dir='ltr'>tamon</span> 
     </span>
     <span class='ocr_line' id='line_1_38' title="bbox 123 3764 1184 3828; baseline 0.002 -15"><span class='ocrx_word' id='word_1_256' title='bbox 123 3764 155 3813; x_wconf 80' lang='lat' dir='ltr'>de</span> <span class='ocrx_word' id='word_1_257' title='bbox 176 3764 276 3824; x_wconf 78' lang='lat' dir='ltr'>froude</span> <span class='ocrx_word' id='word_1_258' title='bbox 294 3767 323 3817; x_wconf 87' lang='lat' dir='ltr'>P.</span> <span class='ocrx_word' id='word_1_259' title='bbox 341 3767 460 3816; x_wconf 78' lang='lat' dir='ltr'>Merulae</span> <span class='ocrx_word' id='word_1_260' title='bbox 477 3767 561 3816; x_wconf 81' lang='lat' dir='ltr'>Ennii</span> <span class='ocrx_word' id='word_1_261' title='bbox 578 3782 641 3816; x_wconf 83' lang='lat' dir='ltr'>ann.</span> <span class='ocrx_word' id='word_1_262' title='bbox 660 3767 772 3816; x_wconf 78' lang='lat' dir='ltr'>editoris</span> <span class='ocrx_word' id='word_1_263' title='bbox 789 3770 850 3818; x_wconf 73' lang='lat' dir='ltr'>diss.</span> <span class='ocrx_word' id='word_1_264' title='bbox 869 3767 965 3827; x_wconf 68' lang='lat' dir='ltr'>(Bonae</span> <span class='ocrx_word' id='word_1_265' title='bbox 987 3766 1061 3828; x_wconf 78' lang='lat'><strong>1852)</strong></span> <span class='ocrx_word' id='word_1_266' title='bbox 1080 3766 1142 3817; x_wconf 73' lang='lat' dir='ltr'>taes.</span> <span class='ocrx_word' id='word_1_267' title='bbox 1160 3764 1184 3816; x_wconf 69' lang='lat' dir='ltr'>a</span> 
     </span>
     <span class='ocr_line' id='line_1_39' title="bbox 122 3827 1188 3901; baseline 0 -19"><span class='ocrx_word' id='word_1_268' title='bbox 122 3833 222 3898; x_wconf 73' lang='lat' dir='ltr'>Pauly:</span> <span class='ocrx_word' id='word_1_269' title='bbox 241 3832 365 3897; x_wconf 88' lang='lat' dir='ltr'>eliminet,</span> <span class='ocrx_word' id='word_1_270' title='bbox 382 3836 506 3899; x_wconf 80' lang='lat' dir='ltr'>ut-pari.</span> <span class='ocrx_word' id='word_1_271' title='bbox 526 3833 628 3885; x_wconf 88' lang='lat' dir='ltr'>Butram</span> <span class='ocrx_word' id='word_1_272' title='bbox 644 3835 647 3899; x_wconf 74' lang='lat' dir='ltr'>l</span> <span class='ocrx_word' id='word_1_273' title='bbox 665 3832 696 3884; x_wconf 88' lang='lat' dir='ltr'>Vl</span> <span class='ocrx_word' id='word_1_274' title='bbox 714 3851 737 3885; x_wconf 87' lang='lat' dir='ltr'>v.</span> <span class='ocrx_word' id='word_1_275' title='bbox 756 3838 819 3901; x_wconf 76' lang='lat' dir='ltr'>usq.</span> <span class='ocrx_word' id='word_1_276' title='bbox 837 3834 913 3885; x_wconf 90' lang='lat' dir='ltr'>ludos</span> <span class='ocrx_word' id='word_1_277' title='bbox 930 3834 1035 3895; x_wconf 88' lang='lat' dir='ltr'>ludicra,</span> <span class='ocrx_word' id='word_1_278' title='bbox 1054 3835 1113 3896; x_wconf 61' lang='lat' dir='ltr'>(st)</span> <span class='ocrx_word' id='word_1_279' title='bbox 1130 3827 1188 3898; x_wconf 83' lang='lat' dir='ltr'>quid</span> 
     </span>
     <span class='ocr_line' id='line_1_40' title="bbox 123 3899 953 3969; baseline 0.004 -20"><span class='ocrx_word' id='word_1_280' title='bbox 123 3899 252 3964; x_wconf 78' lang='lat' dir='ltr'>ellados,</span> <span class='ocrx_word' id='word_1_281' title='bbox 270 3903 327 3965; x_wconf 68' lang='lat' dir='ltr'>(ct)</span> <span class='ocrx_word' id='word_1_282' title='bbox 345 3902 441 3953; x_wconf 90' lang='lat' dir='ltr'>ludicra</span> <span class='ocrx_word' id='word_1_283' title='bbox 460 3903 519 3968; x_wconf 89' lang='lat' dir='ltr'>qnid</span> <span class='ocrx_word' id='word_1_284' title='bbox 537 3902 573 3953; x_wconf 84' lang='lat' dir='ltr'>ol.</span> <span class='ocrx_word' id='word_1_285' title='bbox 592 3902 684 3952; x_wconf 78' lang='lat' dir='ltr'>ludos?</span> <span class='ocrx_word' id='word_1_286' title='bbox 702 3902 812 3954; x_wconf 82' lang='lat' dir='ltr'>ludicra:</span> <span class='ocrx_word' id='word_1_287' title='bbox 831 3902 892 3969; x_wconf 87' lang='lat' dir='ltr'>quid</span> <span class='ocrx_word' id='word_1_288' title='bbox 911 3901 953 3952; x_wconf 75' lang='lat'>11²</span> 
     </span>
    </p>
   </div>
   <div class='ocr_carea' id='block_1_7' title="bbox 0 0 1324 4372">
    <p class='ocr_par' dir='ltr' id='par_1_12' title="bbox 0 0 1324 4372">
     <span class='ocr_line' id='line_1_41' title="bbox 0 0 1324 4372; baseline 0 2"><span class='ocrx_word' id='word_1_289' title='bbox 0 0 1324 4372; x_wconf 95' lang='lat' dir='ltr'> </span> 
     </span>
    </p>
   </div>
  </div>
 </body>
</html>
