2640 4372
465 210 721 264 CARMINUM125.
741 213 781 264 26.
800 213 840 263 27.

249 381 321 444 Cum
337 382 389 442 tibi
405 383 532 460 flagrans
547 400 630 442 amur
644 393 673 442 et
687 383 786 457 iibido,

249 467 330 537 Quae
346 467 421 527 solet
436 475 544 527 matres
559 466 668 527 furiare
683 485 838 545 equorum,

250 551 364 612 Saeviet
379 552 455 611 circa
471 552 553 611 iecur
568 550 746 625 ulcerosum,

324 637 390 695 Nun
407 636 471 696 sine
487 645 603 714 questu,

248 770 336 831 Laeta
351 772 429 849 quud
445 770 540 850 pubes
555 770 662 830 hedera
678 769 784 829 virenti

250 855 380 916 Gaudeat
396 856 476 935 pulla
492 855 583 932 magis
598 863 686 932 atque
701 863 807 932 myrto,

250 941 352 1000 atridas
367 940 482 1000 frondis
498 939 602 999 hiemis
618 938 709 998 sodali

328 1025 449 1085 Dedicet
466 1024 555 1084 Euro.

612 1276 702 1336 XXVI

251 1394 341 1456 Musis
356 1397 468 1456 amicus
484 1394 630 1456 tristitiam
647 1404 676 1452 et
691 1402 787 1453 metus

253 1478 378 1540 Tradam
394 1480 537 1559 protervis
553 1480 583 1539 iu
600 1496 680 1537 rnare
696 1477 843 1537 Creticum

300 1564 422 1625 Portare
437 1564 541 1635 ventis,
558 1563 623 1640 quis
638 1560 694 1622 sub
710 1562 798 1621 Arcto

350 1649 411 1708 Rex
427 1648 539 1726 gelidae
554 1653 702 1706 metuatur
717 1664 794 1719 orae,

254 1783 330 1854 Ouid
346 1782 496 1843 Tiridaten
512 1791 629 1853 terreat,
646 1781 735 1840 unice

253 1869 393 1929 Securus.
423 1868 447 1928 0
464 1886 539 1946 quae
555 1866 686 1927 fontibus
702 1866 824 1944 integris

300 1953 424 2027 Gaudes,
440 1949 557 2031 apricos
573 1961 660 2011 necte
674 1951 772 2018 dures,

353 2039 454 2110 Necte,
470 2057 536 2098 meo
552 2036 670 2096 Lamiae
686 2052 837 2100 coronam,

252 2174 350 2252 Piplea
366 2173 469 2234 dulcis.
498 2172 546 2232 Nil
564 2171 628 2232 sine
644 2180 673 2229 te
689 2169 746 2228 mei

254 2258 383 2319 Prosunt
397 2258 543 2318 honores:
560 2256 641 2315 hunc
655 2254 762 2314 fidibus
777 2253 870 2327 naviS,

300 2342 389 2402 Hunc
405 2341 511 2402 Lesbio
528 2357 644 2401 sacrare
661 2339 775 2416 plectro

350 2425 453 2501 Teque
468 2434 592 2501 tuasque
608 2423 693 2482 decet
708 2440 835 2482 sorores.

612 2670 717 2731 XXVII

254 2791 335 2851 Natis
350 2790 380 2848 iri
397 2808 483 2850 usum
499 2790 615 2850 laetitae
629 2789 748 2868 scyphis

255 2876 392 2952 Pugnare
407 2874 554 2935 Thracum
572 2884 631 2936 est:
648 2873 740 2937 tollite
756 2873 914 2934 barbarum

299 2960 411 3019 Morem
426 2959 687 3039 verecundumque
703 2958 850 3020 Bacchum

352 3044 530 3122 sanguineis
545 3045 702 3123 prohibete
717 3044 796 3104 rixis.

254 3177 328 3237 Viuo
346 3188 375 3238 et
390 3177 520 3240 lucernis
536 3179 638 3240 Medus
654 3181 789 3240 acinaces

254 3262 377 3323 inmane
393 3271 536 3340 quantum
553 3265 715 3344 discrepat:
732 3263 853 3342 impium

301 3347 405 3406 Lenite
421 3347 590 3421 clamorem,
606 3349 730 3421 sodales,
804 3397 814 3414 .

351 3431 388 3491 Et
403 3432 504 3491 cubito
520 3443 670 3494 remanete
685 3452 795 3512 pressu.

211 3595 281 3646 xxv
298 3613 322 3648 a.
343 3598 373 3650 13
393 3597 487 3663 capno
502 3599 507 3660 ι
522 3601 555 3650 ac
573 3598 650 3662 nura]
668 3600 861 3664 eanrgaaun.
879 3617 904 3651 a.
919 3602 985 3654 1516
1003 3605 1066 3650 aaa
1080 3578 1198 3666 cuning-

125 3667 203 3715 damu
222 3665 355 3715 animadv.
370 3681 399 3730 p.
419 3667 459 3727 68,
479 3666 514 3716 al.
533 3666 568 3727 cf.
586 3668 672 3719 Beati.
695 3669 813 3719 ardania·
834 3669 896 3720 adra.
916 3671 981 3733 (non
1007 3671 1036 3718 in
1053 3669 1154 3719 Aldina
1172 3687 1197 3724 a.

127 3735 190 3785 1501
210 3749 259 3783 nac
277 3736 307 3783 in
324 3733 424 3784 Aldina
444 3750 468 3786 a.
490 3736 576 3798 1509):
596 3735 675 3787 hebro

210 3799 289 3851 XXVI
306 3817 330 3853 υ.
351 3805 365 3853 5
384 3800 457 3861 Quod
475 3801 505 3852 M
521 3805 607 3866 (1879)
631 3803 635 3866 Ι
659 3806 675 3856 9
694 3802 807 3869 Pimplea
829 3805 893 3854 clim
915 3818 957 3867 vg.
982 3801 1090 3870 Pimplei
1111 3805 1197 3856 naara

124 3866 249 3934 Pimplae'i
267 3868 296 3919 N
301 3869 423 3919 Heinsius
438 3869 442 3936 i
460 3873 491 3921 10
510 3874 617 3935 possunt
634 3869 671 3939 (v)
683 3871 823 3933 (Muretus,
842 3871 937 3932 Beati.)
