2640 4372
520 195 691 248 carnutum
709 198 719 249 l
737 201 777 251 22.
797 202 837 252 23.

274 363 366 433 Quale
382 376 553 445 portentum
571 362 668 446 neque
684 369 817 430 militaris

272 447 401 511 Daunias
416 451 481 511 latis
496 452 546 511 alit
560 453 715 513 aesculetis

273 533 333 593 Nec
348 535 438 595 lubae
454 536 540 597 tellus
555 547 687 616 generat,
704 537 822 600 leonum

348 620 435 680 Arida
453 622 559 682 nutrix.
577 640 619 667 -·-

272 754 353 814 Pone
369 773 416 815 me
431 757 522 835 pigris
537 756 588 818 ubi
605 757 685 816 nulla
702 757 811 835 campis

272 837 369 898 Arbor
384 841 491 901 aestiva
507 850 659 902 recreatur
673 860 752 915 aura,

271 923 357 993 Quod
374 925 449 991 latus
465 927 567 985 mundi
584 927 710 986 nebulae
726 926 877 1005 malusque

345 1009 479 1088 luppiter
494 1020 587 1089 urget,

273 1143 352 1203 Pone
368 1144 423 1205 sub
439 1163 529 1205 curru
546 1147 667 1206 nimium
684 1145 844 1225 propinqui

270 1228 346 1288 Solis
361 1229 390 1289 in
407 1239 484 1289 terra
500 1230 635 1290 domibus
652 1243 771 1308 negata:

270 1312 360 1373 Dulce
376 1314 522 1373 ridentem
537 1315 664 1393 Lalagen
681 1315 794 1389 amabo,

348 1398 438 1459 Dulce
454 1398 636 1477 loquentem.

633 1649 726 1710 Xlllll

171 1842 173 1847 ,
269 1765 349 1826 Vitas
364 1767 464 1827 inuleo
480 1787 526 1827 me
542 1769 653 1840 similis,
671 1769 770 1841 Chloe,

268 1850 428 1921 Quaerenti
444 1853 574 1931 pavidam
592 1854 742 1914 montibus
758 1853 827 1913 aviis

313 1937 437 1998 Matrem
453 1957 514 1998 non
531 1939 595 1999 sine
610 1957 685 1998 vano

365 2023 510 2084 Aurarum
527 2032 555 2083 et
570 2023 661 2084 siluae
677 2032 774 2095 matu3

263 2157 334 2217 Nam
352 2177 403 2218 seu
419 2157 577 2219 mobilibus
592 2159 688 2236 vepris
703 2157 852 2218 inhorruit

264 2242 307 2302 lo
321 2251 442 2302 ventum
458 2243 534 2303 loliis
549 2263 601 2304 seu
618 2243 725 2304 virides
740 2241 847 2303 rubum

311 2327 463 2386 Dimovere
479 2327 614 2399 lacertae,

361 2410 399 2470 Et
414 2411 502 2470 corde
518 2420 547 2471 et
561 2410 688 2488 genibus
704 2412 811 2470 tremit.

265 2540 353 2617 Atqui
370 2560 431 2601 non
448 2561 502 2619 ago
517 2553 547 2602 te
561 2543 645 2620 tigris
660 2551 692 2602 ut
707 2560 809 2618 aspera

264 2623 438 2685 Gaetulusve
453 2627 499 2685 leo
516 2627 651 2703 frangere
667 2643 845 2705 persequor:

311 2708 441 2768 Tandem
458 2710 558 2770 desine
574 2720 696 2771 matrem

360 2793 544 2874 Tempestiva
560 2797 645 2874 sequi
661 2797 733 2855 viro.

131 2942 335 2954 q-

216 3044 281 3095 llllll
299 3062 322 3095 υ.
342 3046 442 3098 13-16
467 3061 527 3096 eoem
545 3047 603 3096 H·P
621 3051 647 3096 et
668 3046 802 3096 Mainalia
825 3045 1003 3096 eliminandos
1024 3062 1079 3096 essa
1102 3050 1207 3099 censuit

129 3110 162 3160 M
176 3117 201 3162 at
218 3113 286 3164 stud.
306 3114 368 3165 Hor.
394 3130 421 3179 p.
442 3116 491 3166 695
516 3119 541 3164 at
566 3117 596 3163 in
619 3115 680 3164 adn.
702 3115 742 3165 ad.
768 3130 792 3165 a.
813 3116 879 3167 1879
902 3115 1204 3180 at1882,ipsataman

128 3195 184 3229 non
201 3182 308 3232 seclusit
326 3179 361 3241 af.
381 3181 617 3246 C.Zangamaa'atar
643 3184 675 3232 de
694 3183 757 3233 Hor.
779 3198 836 3234 voa.
859 3185 928 3247 sing.
952 3199 978 3246 p.
998 3185 1069 3246 naqa
1096 3182 1199 3250 ibam}

132 3248 163 3298 13
190 3247 312 3300 Martialis
338 3249 387 3300 Fr.
416 3251 565 3301 Haimaoatlt
592 3249 617 3302 d.
639 3248 914 3315 Wa'adarltarstallung
941 3249 989 3299 dar
1011 3250 1130 3301 Dromon
1158 3251 1204 3301 das

126 3315 274 3383 Aaaalayloa
295 3317 392 3379 (Bono.
412 3319 488 3382 1861)
512 3334 539 3382 p.
560 3320 610 3368 104
619 3333 658 3384 sq.
684 3314 691 3386 Ι
719 3321 749 3370 18
767 3325 895 3370 recreetur
912 3317 1051 3386 (recreatur
1070 3324 1094 3382 ς)
1113 3318 1202 3370 umbra

127 3383 196 3437 Mar.
219 3387 285 3436 Viat.
301 3400 328 3449 p.
349 3387 405 3444 157,
423 3389 440 3437 4
458 3383 503 3446 (ef.
523 3384 551 3452 5)
570 3385 597 3435 K.

215 3452 290 3503 lllllll
307 3468 331 3503 o.
351 3457 362 3503 1
387 3451 470 3515 Vitas]
488 3451 536 3520 (o):
556 3453 641 3519 nitati
661 3456 676 3504 5
694 3453 790 3518 vepris]
811 3452 966 3517 Gogaoinua
983 3453 1106 3504 alanaluaa
1124 3458 1202 3505 omis·

124 3536 178 3570 sor.
197 3525 227 3570 in
245 3522 309 3572 Hor.
330 3525 401 3584 poat.
426 3519 545 3588 (Sablon.
566 3523 639 3586 1651)
658 3537 715 3586 cap.
734 3520 813 3571 llllVl
831 3526 894 3570 testa
913 3521 1123 3586 Cum'ngbomi05
1142 3522 1201 3573 Sol-

125 3591 228 3638 masa‘na
245 3593 278 3652 (o.
296 3588 410 3651 Bentl.),·
433 3589 536 3638 Bentl:
553 3590 621 3640 neris
641 3589 705 3639 libri
723 3590 781 3640 vitis
799 3589 920 3639 Moratur
950 3594 954 3654 l
982 3591 1014 3640 od
1031 3592 1148 3651 ventum]
1167 3604 1201 3638 aoe

123 3652 256 3721 ‘numquis
278 3657 437 3721 quibusdam
464 3651 553 3707 libria'
584 3657 705 3707 Mor-atus
722 3657 840 3720 (Bouillz
861 3657 986 3709 adventus
1005 3656 1070 3706 libra·
1088 3655 1120 3712 ad
1139 3670 1201 3706 ven-

125 3730 166 3776 toa
186 3725 237 3779 OK

963 3941 994 3989 2*
