2640 4372
428 191 657 246 EPISTULARUM
676 196 684 248 i
705 199 727 250 l.
1049 196 1110 255 185

125 362 192 426 isne
215 364 269 426 tibi
293 364 397 427 meiius
418 365 529 439 suadet,
553 368 612 445 qui,
636 386 697 428 rem
721 368 819 442 iacias,
843 388 916 440 rem,
1080 385 1111 435 aa

124 447 158 515 Si
179 450 285 529 possis,
308 461 398 523 recte,
420 452 444 512 si
468 470 540 524 non,
564 470 753 532 quocumque
776 455 863 515 modo
886 475 959 528 rem,

125 533 162 595 Ut
183 534 308 614 propius
329 545 445 615 spectes
467 536 620 598 lacrimosa
642 547 776 617 poemata
799 539 883 618 Pupi,

124 623 168 680 itn
193 619 243 699 qui
266 619 414 682 Fortunae
436 632 465 682 te
488 639 665 700 responsare
687 622 833 702 superbae

125 704 264 766 Liberum
287 714 317 766 et
339 716 468 767 ereetum
493 725 632 784 praesens
654 708 789 768 hortatur
812 720 840 769 et
863 709 964 788 aptati
987 746 1027 756 -

125 790 236 860 Quodsi
259 809 305 850 me
329 791 455 870 populus
480 792 631 853 Romanus
654 795 729 853 lorte
752 804 846 871 roget,
869 814 922 856 cur
1083 808 1113 858 tt

126 874 189 936 Non
214 884 247 935 ut
267 876 432 954 porticibus
455 877 497 937 sic
520 877 634 938 iudiciis
656 879 738 938 lruar
759 878 851 940 isdem

124 958 184 1021 Nec
206 979 315 1040 sequar
337 971 386 1021 aut
407 962 516 1041 lugiam
540 980 614 1039 quae
637 963 731 1042 diligit
753 964 815 1043 ipse
837 966 880 1025 vel
904 966 975 1038 odit,

125 1045 201 1105 Olim
224 1047 302 1125 quod
324 1047 425 1125 volpes
447 1056 567 1125 aegroto
591 1057 675 1108 cauta
697 1049 777 1108 leoni

124 1129 297 1210 Respondit,
319 1132 461 1192 rcieram:
483 1127 562 1210 ‘quia
586 1151 633 1192 me
654 1133 773 1212 vestigia
798 1143 920 1207 terrent,

126 1213 231 1276 Omnia
254 1225 282 1277 te
305 1217 459 1279 adversum
481 1219 653 1296 spectantia,
677 1219 755 1279 nulla
779 1216 963 1280 retrorsum'.
1082 1234 1111 1283 'tt

125 1298 214 1361 Belua
237 1301 396 1362 multorum
420 1322 452 1364 es
467 1302 605 1380 capitum.
638 1303 711 1363 Nam
726 1305 795 1382 quid
813 1323 919 1383 sequar
935 1314 984 1366 aut
998 1305 1110 1385 quemi

124 1385 194 1446 Pars
217 1386 372 1448 hominum
394 1388 482 1466 gestit
504 1388 672 1448 conducere
695 1388 829 1467 publica;
852 1400 922 1451 suut
944 1392 994 1470 qui

125 1470 238 1534 Frustis
260 1481 290 1532 et
311 1473 407 1552 pomis
430 1473 529 1534 viduas
551 1482 697 1533 venentur
719 1492 819 1534 avaras

125 1555 341 1636 Excipiamque
364 1577 460 1630 senes,
483 1577 558 1635 quos
582 1558 611 1618 in
636 1559 739 1618 rivaria
764 1559 896 1632 mittant;

124 1639 223 1703 iliultis
246 1643 362 1704 occulto
386 1643 490 1703 crescit
512 1662 560 1704 res
584 1644 712 1703 laenore.
756 1643 864 1704 Verum
1082 1656 1113 1707 80

125 1725 195 1787 Esto
219 1726 282 1788 aliis
305 1727 376 1787 alios
398 1727 487 1788 rebus
510 1727 673 1806 studiisque
696 1729 806 1788 teneri:

126 1810 207 1873 idem
231 1813 331 1873 eadem
354 1822 481 1891 possunt
502 1814 606 1873 horam
630 1813 737 1873 durare
759 1811 944 1892 probantes?

122 1891 239 1958 ‘Nullus
261 1898 291 1958 in
317 1898 388 1958 orbe
411 1898 493 1959 sinus
516 1899 592 1959 Baiis
614 1898 767 1976 praelucet
788 1895 928 1960 amoenis'

126 1981 157 2042 Si
180 1982 252 2044 dixit
274 1983 363 2054 dives,
386 1983 466 2045 lacus
489 1994 518 2044 et
540 2002 619 2043 mare
642 1984 733 2044 sentit
755 2003 884 2046 amorem

124 2066 303 2129 Festinantis
325 2069 383 2141 eri;
407 2069 453 2128 cui
477 2069 501 2129 si
523 2070 624 2129 vitiosa
647 2069 737 2129 libido

126 2151 242 2214 Fecerit
263 2154 436 2232 auspicium,
456 2155 535 2215 ‘cras
558 2156 734 2215 Ferramenta
758 2155 891 2214 Teanum

124 2237 255 2312 Toliatis,
278 2234 371 2299 labri?
418 2239 525 2299 Lectus
548 2240 671 2318 genialis
695 2240 723 2299 iu
748 2240 812 2300 aula
836 2250 894 2300 est:

126 2322 172 2383 Nil
194 2323 234 2383 ait
256 2341 319 2384 esse
342 2324 433 2402 prius,
457 2324 561 2384 meiius
585 2325 626 2384 nil
648 2322 758 2383 caelibe
781 2326 853 2395 vita;

126 2407 156 2466 Si
180 2428 240 2469 non
265 2418 318 2479 est,
342 2409 419 2468 iurat
441 2407 517 2468 hene
541 2409 611 2469 solis
634 2427 697 2469 esse
719 2409 839 2469 maritis.

125 2492 190 2562 Quo
214 2502 331 2554 teneam
353 2494 449 2553 voltus
472 2502 633 2553 mutantem
657 2493 762 2552 Protea
786 2489 886 2552 nodo?
1082 2503 1114 2553 tto

127 2578 203 2648 Ouid
226 2576 362 2657 pauper?
407 2578 495 2638 ilidcl
520 2586 612 2637 mutat
635 2577 783 2649 cenacula,
807 2576 907 2648 lectos,

125 2662 243 2736 Balnea,
266 2673 414 2733 tonsores,
438 2663 585 2723 conducto
610 2662 725 2740 navigio
748 2680 841 2740 aeque

125 2747 251 2809 Nauseat
273 2767 307 2809 ac
330 2748 471 2827 locuples,
495 2767 581 2826 quem
606 2748 686 2807 ducit
708 2747 788 2826 priva
813 2747 950 2808 triremis.

126 2833 156 2894 Si
179 2843 299 2894 curatus
321 2832 466 2912 inaequali
488 2843 609 2894 tonsore
633 2833 754 2912 capillos

127 2917 260 2991 Occurri,
283 2918 370 2989 rides,
394 2919 416 2978 si
440 2920 515 2978 iorte
538 2918 681 2979 subucula
703 2936 795 2997 pexae
1083 2925 1113 2976 95

126 3002 206 3063 Trita
229 3003 330 3065 subest
352 3002 479 3077 tunicae,
501 3003 547 3063 vei
569 3005 593 3065 si
616 3013 682 3083 toga
706 3003 825 3064 dissidet
847 3002 950 3080 impar,

127 3087 230 3149 iiides:
255 3086 347 3167 quid?
371 3107 433 3147 mea
458 3107 523 3149 cum
547 3102 660 3168 pugnat
683 3088 827 3149 sententia
852 3106 962 3160 secum,

126 3173 211 3243 Quod
234 3174 319 3252 petiit
341 3175 463 3252 speruit,
487 3175 594 3253 repetit
616 3173 696 3251 quod
721 3192 816 3252 nuper
839 3173 943 3241 omisit,

126 3260 246 3319 Aestuat
268 3270 295 3319 et
318 3260 392 3319 vitae
414 3260 597 3320 disconvenit
620 3258 723 3318 ordine
745 3267 817 3329 toto,

127 3343 232 3415 iliruit,
255 3344 396 3417 aedificat,
419 3355 513 3405 mutat
535 3345 673 3422 quadrata
697 3341 853 3402 rotundis?
1069 3351 1114 3400 teo

128 3427 262 3489 insanire
284 3439 371 3508 putas
394 3429 545 3489 sollemnia
569 3448 616 3489 me
641 3446 737 3506 oeque
760 3428 838 3487 rides

127 3513 188 3573 Nec
211 3513 315 3574 medici
331 3515 434 3588 ,credis
458 3532 513 3575 nec
536 3514 681 3574 curatoris
704 3531 791 3592 egere

128 3601 151 3656 Α
175 3609 312 3677 praetore
335 3596 409 3671 dati,
427 3618 525 3658 rerum
549 3600 637 3660 tutela
661 3617 791 3659 mearum

127 3815 178 3866 lv.
198 3819 230 3868 tt
249 3820 301 3880 aut]
320 3832 350 3868 ac
367 3818 403 3881 (a)
420 3821 446 3867 et
464 3816 499 3881 (v)
525 3814 529 3882 Ι
557 3819 589 3868 ld
608 3819 646 3868 est
664 3818 698 3880 (o)
725 3815 805 3867 Ploza
834 3818 899 3864 teste
927 3810 1082 3876 0t313entt.
1106 3811 1111 3877 1

103 3884 186 3935 trustis
203 3887 239 3949 (a)
254 3888 258 3950 l
275 3888 306 3938 95
326 3883 435 3936 occurrit
452 3884 487 3948 (o)
505 3899 610 3935 occurro
628 3885 663 3948 (o)
678 3885 682 3949 Ι
698 3886 728 3935 ttt
749 3897 848 3934 mecum
