2640 4372
126 211 186 271 180
500 211 690 264 serment!
708 213 728 264 M
747 219 771 266 ἵ.
789 217 813 268 8.

204 381 276 447 ‘dut
298 386 406 446 insanit
428 384 517 445 borno
539 395 589 444 aut
610 403 712 445 versus
734 383 822 446 lacit?
869 388 961 449 Ocius
981 389 1053 451 hinc
1074 402 1104 451 te

210 472 245 532 Ni
268 472 357 550 rapis.
379 470 502 530 accedes
524 488 614 549 opera
637 489 710 548 agro
734 491 812 532 nona
835 473 957 534 Sabino.

584 626 734 634 ———

625 724 689 784 l'lll

209 844 247 905 Ut
268 843 416 904 Nasidieni
439 842 509 901 iuvit
531 853 560 903 te
583 862 657 902 cena
679 841 779 903 beati?

209 930 282 990 Nam
305 928 376 988 mibi
400 929 553 1005 quaerenti
576 929 728 988 convivam
750 930 847 989 dictus
868 929 940 988 bere
962 929 1023 990 illic

209 1015 251 1076 lle
274 1014 371 1074 medio
394 1022 496 1090 potare
517 1013 573 1072 die.
607 1006 681 1081 ‘Sic
703 1024 736 1073 ut
758 1015 829 1074 mibi
852 1032 1014 1092 numquam

209 1100 243 1160 ln
266 1101 322 1159 vita
345 1098 435 1158 luerit
457 1088 577 1158 melius?
624 1098 687 1169 llic,
708 1099 732 1159 si
754 1117 841 1177 grave
865 1118 925 1158 non
949 1111 1003 1171 est,

210 1185 293 1255 Quae
316 1184 409 1279 prima
432 1183 537 1242 iratum
560 1192 692 1243 ventrem
715 1183 873 1262 placaverit
895 1203 971 1244 esca.

205 1263 252 1330 ‘ln
277 1269 380 1348 primis
401 1268 539 1328 lucanus
561 1286 633 1347 aper
654 1269 714 1329 leni
737 1269 792 1328 luit
813 1271 921 1329 Austro

210 1355 328 1434 Captus,
352 1364 385 1413 ut
406 1350 502 1412 aiebat
523 1371 616 1413 cenae
639 1364 738 1432 pater;
761 1355 838 1414 acria
862 1354 974 1414 circum

211 1440 334 1518 Rapula,
358 1437 498 1510 lactucae,
521 1439 643 1510 radices,
667 1439 763 1516 qualia
785 1438 892 1500 lassum

211 1524 380 1585 pervellunt
402 1525 595 1595 stomachum,
618 1524 701 1596 siser,
724 1523 806 1596 allec,
829 1524 940 1584 faecula
964 1524 1034 1585 Coa.

211 1610 264 1670 llis
287 1609 338 1669 ubi
361 1609 483 1669 sublatis
504 1626 580 1687 puer
602 1609 659 1669 alte
681 1609 797 1669 cinctus
818 1626 955 1669 acernam

212 1695 346 1774 Gausapa
368 1712 521 1773 purpureo
544 1712 676 1754 mensam
700 1695 840 1772 pertersit
863 1703 891 1752 et
914 1695 987 1754 alter

210 1780 344 1860 Sublegit
366 1778 575 1857 quodcumque
598 1779 704 1839 iaceret
728 1779 831 1839 inutile
855 1780 994 1858 quodque

210 1866 307 1926 Possit
328 1864 463 1925 cenantis
486 1865 647 1937 offendere,
671 1876 704 1923 ut
726 1865 818 1924 Attica
841 1865 923 1943 virgo

210 1950 282 2011 Cum
305 1949 396 2011 sacris
419 1948 535 2009 Cereris
558 1950 691 2027 procedit
713 1950 813 2010 luscus
836 1948 996 2028 Hydaspes,

211 2034 343 2094 Caecuba
367 2033 432 2092 vina
456 2033 565 2106 ferens,
588 2034 681 2094 dlcon
705 2033 810 2094 Chium
832 2035 921 2095 maris
943 2053 1059 2114 expers.

211 2119 265 2179 Hic
288 2137 355 2178 erus
373 2111 554 2188 “,dlbanum
578 2118 741 2192 Maecenas,
764 2120 823 2179 sive
847 2119 1003 2180 Falernum

210 2204 252 2264 Te
275 2204 367 2281 magis
389 2203 529 2281 adpositis
552 2202 685 2275 delectat,
707 2203 851 2265 habemus
873 2195 1061 2284 utrumque.''

211 2288 330 2350 Divitias
352 2288 455 2347 mirasl
479 2288 529 2347 sed
553 2288 619 2365 quis
641 2289 817 2350 cenantibus
840 2308 907 2363 una,

211 2373 356 2446 Fundani,
378 2372 502 2453 pulchre
525 2372 614 2433 luerit
635 2372 698 2445 tibi,
721 2393 808 2435 nosse
830 2374 943 2435 laboro.

208 2452 362 2520 ‘Summus
385 2476 439 2537 ego
463 2467 493 2518 et
514 2476 608 2538 prope
633 2477 679 2518 me
702 2459 804 2521 Viscus
826 2460 978 2520 Thurinus
1001 2472 1032 2521 et
1053 2462 1136 2532 infra,

211 2545 240 2606 Si
263 2544 394 2618 memini,
417 2543 530 2615 Varius,
553 2562 619 2603 cum
643 2543 765 2603 Servilio
788 2544 946 2605 Balatrone

212 2629 352 2702 Vibidius,
376 2648 450 2707 quos
472 2628 626 2689 Maecenas
647 2629 807 2689 adduxerat
829 2630 959 2690 umbras.

210 2714 414 2776 Nomentanus
435 2722 498 2773 erat
519 2731 609 2792 super
630 2713 737 2791 ipsum,
759 2714 883 2776 Porcius
905 2715 993 2785 infra,

209 2799 361 2861 Ridiculus
382 2807 458 2860 totas
480 2796 567 2858 simul
588 2797 748 2858 absorbere
770 2799 934 2877 placentas;

125 2894 153 2943 ιιι
209 2883 412 2945 Nomentanus
435 2884 469 2943 ad
492 2883 559 2955 hoc,
582 2884 643 2961 qui,
666 2882 762 2960 siquid
784 2885 861 2945 lorte
883 2884 997 2958 lateret,

211 2967 312 3029 lndice
335 2977 514 3029 monstraret
536 2968 644 3047 digit03
668 2986 736 3028 nam
760 2978 891 3030 ceterat
879 2969 977 3044 t,urba

210 3052 311 3127 Nos,'
304 3072 435 3132 mquam,
460 3071 601 3114 cenamus
623 3054 691 3127 avis,
715 3055 878 3135 conchylia,
901 3056 1000 3143 piscis,

212 3138 312 3216 Longe
336 3138 503 3199 dissimilem
528 3148 599 3199 noto
622 3138 745 3200 celantia
772 3159 887 3213 sucum,

210 3222 249 3282 Ut
271 3222 315 3283 vel
337 3224 482 3284 continuo
506 3225 608 3302 patuit,
632 3243 699 3285 cum
722 3226 850 3305 passeris
872 3236 960 3304 atque

212 3306 360 3385 lngustata
384 3309 455 3368 mibi
477 3318 651 3387 porrexerat
672 3310 719 3370 ilia
742 3310 868 3370 rhombi.

213 3392 281 3454 Post
304 3394 360 3453 boc
382 3412 429 3453 me
451 3393 552 3453 docuit
574 3394 717 3454 melimela
740 3395 848 3456 rubere
870 3396 1015 3455 minorem

211 3478 253 3537 td
276 3479 376 3538 lunam
399 3479 528 3552 delecta;
552 3478 620 3556 quid
644 3479 699 3538 boc
722 3479 847 3554 intersit,
870 3479 993 3559 abipso

212 3695 306 3747 Vllla.
326 3694 391 3746 ida
410 3696 445 3758 (a)
472 3693 476 3761 Ι
504 3695 669 3759 bpacauerit
692 3695 696 3759 Ι
720 3698 736 3749 6
758 3699 827 3762 aper]
845 3696 1000 3762 Madvigius
1023 3698 1083 3747 odo.
1101 3698 1160 3748 crit.
1176 3691 1193 3743 tt

127 3766 171 3815 bl:
190 3779 258 3829 aper
277 3766 306 3828 (ι.
324 3778 396 3829 aper:
414 3778 518 3847 qaper,
521 3769 529 3824 t
548 3763 582 3814 al.
598 3763 632 3829 l'l
652 3765 744 3815 circum
747 3764 986 3845 ‚Doederleiniqsl
1004 3768 1035 3817 10
1054 3769 1083 3816 ut
1098 3764 1103 3832 Ι
1119 3768 1148 3816 tt
1158 3779 1193 3829 tq

127 3837 268 3897 utrumque,
280 3828 432 3884 divitiasm?
445 3833 479 3883 ol.
495 3831 685 3898 ll8miras]1).
696 3833 832 3892 Helorion
843 3832 896 3883 Mc:
915 3834 1021 3885 miseras
1037 3833 1041 3896 Ι
1057 3833 1089 3886 22
1108 3828 1194 3900 quael

128 3898 160 3948 24
178 3900 257 3951 semel
273 3902 277 3967 Ι
294 3898 431 3953 obsorbere
449 3902 484 3965 (ιι)
499 3897 504 3967 Ι
520 3902 552 3952 30
570 3904 725 3965 porrexerat]
742 3903 791 3966 (ιι).
809 3902 950 3968 porrexerit
966 3917 981 3952 υ
1000 3902 1114 3968 porrexit
1131 3903 1166 3966 (o)
