2640 4372
492 156 664 210 CARbllNUlll
681 158 691 209 l
710 161 751 212 36.
768 163 808 213 37.

603 328 719 390 XXXVI

249 445 286 506 Et
300 457 368 510 ture
382 459 411 509 et
427 449 533 510 fidibus
549 450 626 509 iurat

299 533 416 594 Plaoare
433 543 462 595 et
477 534 559 594 vituli
575 533 720 613 sanguine
736 533 834 594 debito

250 617 392 678 Custodes
407 618 549 680 Numidae
565 620 645 690 deos,

297 702 354 772 Qui
370 722 452 763 nunc
468 703 608 782 Hesperia
624 722 726 782 sospes
741 703 777 763 ab
793 703 893 763 ultima

192 796 206 845 ⁵
252 785 332 847 Caris
347 788 438 848 multa
453 787 613 858 sodalibus

297 872 375 932 Nulli
390 873 474 952 plura
490 882 587 933 tamen
606 872 707 932 dividit
722 872 821 933 oscula

252 957 345 1027 Quam
362 957 440 1018 dulci
457 958 584 1029 Lamiae,
600 975 715 1017 memor

300 1042 389 1103 betae
406 1062 467 1103 non
484 1043 541 1102 alio
557 1060 627 1119 rege
644 1041 775 1119 puertiae

252 1126 438 1206 Mutataeque
455 1127 541 1188 simul
556 1135 651 1204 togae.

182 1219 209 1270 lo
297 1210 399 1274 Cressa
416 1231 454 1272 ne
471 1220 568 1272 eareat.
583 1210 705 1289 pulchra
721 1210 783 1270 dies
798 1219 868 1270 nota

252 1295 315 1356 Neu
332 1305 487 1376 promptae
503 1295 609 1356 modus
625 1295 784 1374 amphorae

298 1381 362 1442 Neu
377 1399 491 1442 morem
507 1381 537 1440 iu
554 1380 664 1441 Salium
679 1380 717 1440 sit
731 1380 848 1458 requies
864 1379 972 1458 pedum

252 1465 315 1526 Neu
331 1467 415 1526 multi
431 1466 557 1526 Damalis
574 1465 647 1525 meri

300 1551 421 1612 bassum
436 1551 572 1611 Threicia
587 1550 685 1610 vincat
700 1549 841 1629 amystide

183 1644 211 1693 15
254 1635 318 1695 Neu
335 1636 431 1698 desint
447 1635 542 1716 epulis
558 1653 641 1696 rosae

299 1721 363 1781 Neu
380 1721 459 1781 vivax
475 1720 573 1798 apium
592 1738 650 1779 neu
666 1719 753 1779 breve
769 1718 872 1779 lilium.

255 1803 366 1866 Omnes
382 1807 412 1865 in
430 1805 561 1866 Damalin
580 1804 674 1881 putris

300 1888 459 1969 Deponent
475 1888 576 1948 oculos
592 1906 647 1948 neo
663 1886 790 1947 Damalis
807 1904 883 1946 novo

255 1973 414 2034 Divelletur
430 1974 573 2045 adultero,

183 2066 212 2116 bo
297 2058 425 2120 Lascivis
440 2057 558 2119 bederis
573 2056 764 2118 ambitiosior.

600 2443 730 2504 XXXVll

257 2565 343 2624 Nune
358 2573 402 2625 est
418 2563 589 2636 bibendum,
607 2582 688 2623 nuno
704 2561 778 2641 pede
793 2560 887 2620 libero

259 2649 404 2710 Pulsanda
419 2649 514 2722 tellus,
531 2667 613 2709 nunc
628 2647 787 2708 Saliaribus

305 2734 419 2794 Ornare
435 2734 570 2812 pulvinar
586 2733 707 2792 deorum

355 2819 484 2898 Tempus
501 2827 563 2877 erat
578 2816 712 2893 dapibus,
727 2813 854 2875 sodalesl

201 2964 216 3012 a
258 2954 390 3012 Antehac
407 2953 489 3012 nefas
504 2952 680 3029 depromere
697 2949 863 3010 Caecubum

259 3037 345 3099 Cellis
360 3037 453 3108 avitis,
469 3035 539 3096 dum
555 3034 697 3113 Capitolio

304 3122 416 3200 Regina
433 3121 578 3181 dementis
593 3121 695 3181 ruinas

356 3206 459 3267 Funus
476 3215 504 3266 et
520 3205 643 3284 imperio
660 3205 780 3284 parabat

259 3341 465 3401 Contaminata
482 3359 549 3402 eum
565 3359 655 3420 grege
671 3339 801 3418 turpium

189 3436 216 3487 10
259 3425 362 3485 Morbo
378 3426 518 3500 virorum,
536 3425 678 3504 quidlibet
692 3426 839 3503 impotens

306 3509 431 3588 Sperare
446 3512 624 3589 fortunaque
640 3510 716 3571 dulei

356 3594 462 3672 Ebria3
478 3597 529 3658 sed
545 3596 652 3656 minuit
668 3596 797 3655 furorem

217 3845 320 3897 XXXVl
340 3862 361 3897 a.
383 3849 479 3899 nnec
503 3847 507 3912 Ι
533 3847 564 3897 12
584 3861 630 3897 nee
654 3844 658 3913 Ι
684 3846 713 3896 13
734 3860 781 3896 nec
804 3844 808 3910 Ι
834 3847 865 3896 15
884 3857 931 3894 neo
954 3843 959 3909 1
985 3843 1016 3895 18
1034 3855 1084 3891 neu
