2640 4372
445 228 633 282 sermonum
651 229 661 279 l
682 232 722 283 10.

596 401 621 460 X

159 517 274 667 Bucili,
298 537 385 599 quam
408 521 447 581 sis
469 522 641 591 mendosus,
663 530 737 581 teste
761 518 872 580 Catone

183 607 322 667 efensore
344 617 396 667 tuo
419 606 599 684 pervincam,
622 605 672 683 qui
696 606 770 666 male
792 606 886 665 factos

158 691 324 753 Emendare
347 702 430 770 parat
453 708 564 762 versus,
588 693 644 750 hoc
666 690 763 751 lenius
786 690 843 761 ille,

158 777 224 848 Ouo
247 775 352 836 melior
374 776 417 835 vir
439 783 468 835 et
490 784 534 836 est
556 777 645 854 longe
667 775 803 835 subtilior
824 775 884 842 illo,

157 860 215 932 Qui
236 860 364 921 multum
386 878 512 940 puerum
534 870 579 921 est
600 860 672 920 loris
695 870 723 920 et
745 859 867 920 funibus
889 859 954 920 udis
1119 863 1145 918 5¹

157 945 348 1019 &hortatus
371 956 405 1006 ut
427 955 505 1006 esset
528 965 613 1025 opem
638 946 687 1023 qui
711 947 788 1006 ferre
811 945 906 1024 poetis

157 1030 294 1110 Antiquis
318 1040 417 1109 posset
438 1038 542 1091 contra
565 1031 679 1091 fastidia
702 1040 813 1102 nostra,

158 1115 424 1177 Grammaticorum
447 1117 579 1194 equitum
601 1116 797 1177 doctissimus.
835 1113 872 1176 Ut
894 1113 1011 1174 redeam
1034 1113 1124 1191 illuc,]

159 1202 271 1279 Nempe
294 1201 492 1280 incomposito
515 1201 574 1260 dixi
597 1202 671 1280 pede
694 1219 815 1261 currere
836 1218 937 1259 versus

158 1285 262 1348 Lucili.
307 1285 381 1357 Quis
403 1295 462 1345 tam
485 1285 580 1345 Lucili
603 1287 701 1346 fautor
723 1288 824 1364 inepte
847 1295 899 1357 est,

158 1370 197 1432 Ut
219 1389 281 1431 non
305 1372 363 1432 hoc
386 1369 532 1431 fateatur?
555 1380 585 1430 at
607 1372 693 1442 idem,
716 1372 794 1449 quod
818 1369 876 1430 sale
899 1369 992 1430 multo

159 1455 270 1516 Urbem
293 1456 438 1528 defricuit,
461 1457 562 1516 charta
584 1457 717 1516 laudatur
740 1454 850 1515 eadem.

159 1540 221 1603 Nec
234 1549 333 1601 tamen
350 1543 408 1602 hoc
423 1541 559 1602 tribuens
574 1541 703 1601 dederim
720 1558 838 1618 quoque
854 1548 968 1612 cetera;
985 1557 1053 1599 nam
1068 1537 1110 1599 sic
1132 1549 1146 1597 ⁶

160 1624 199 1687 Et
224 1625 329 1686 Laberi
351 1627 458 1686 mimos
481 1635 514 1686 ut
537 1627 658 1704 pulchra
681 1634 815 1703 poemata
838 1625 938 1684 mirer.

158 1709 238 1788 Ergo
262 1730 322 1771 non
345 1711 414 1772 satis
437 1719 489 1783 est,
512 1713 573 1771 risu
595 1711 733 1771 diducere
755 1711 862 1770 rictum

157 1795 321 1869 Auditoris3
345 1805 374 1856 ct
397 1807 442 1857 est
464 1796 606 1874 quaedam
629 1806 726 1855 tamen
751 1795 798 1856 liic
821 1812 940 1873 quoque
962 1792 1063 1863 virtus,

158 1880 212 1943 Est
233 1880 374 1941 brevitate
397 1900 481 1960 opus,
506 1892 537 1941 ut
559 1891 658 1942 currat
679 1882 825 1942 sententia
849 1897 907 1939 neu
931 1896 963 1939 se

158 1965 301 2046 Impediat
322 1965 419 2026 verbis
442 1967 531 2028 lassas
554 1967 748 2027 onerantibus
770 1966 857 2039 auris,
1119 1970 1148 2019 1⁰

159 2049 196 2111 Et
218 2069 356 2111 sermone
379 2070 455 2130 opus
478 2061 522 2112 est
544 2052 631 2112 modo
653 2052 739 2124 tristi,
763 2069 851 2130 saepe
874 2050 984 2120 iocoso,

158 2135 344 2196 Defendeute
364 2137 458 2197 vicem
480 2137 569 2197 modo
591 2138 719 2198 rhetoris
741 2147 829 2216 atque
852 2144 966 2215 poetae,

158 2220 313 2281 Interdum
336 2221 444 2283 urbani
466 2224 615 2301 parcentis
637 2223 749 2284 viribus
771 2232 859 2300 atque

158 2304 355 2368 Extenuantis
377 2326 426 2368 eas
448 2309 593 2368 consulto.
639 2308 806 2369 Ridiculum
827 2307 887 2367 acri

159 2390 278 2452 Fortius
300 2401 329 2452 et
351 2393 456 2454 melius
478 2411 598 2470 magnas
620 2393 796 2470 plerumque
817 2399 898 2451 secat
920 2407 976 2448 res.
1120 2395 1148 2446 15

160 2475 213 2549 llli,
235 2476 345 2555 scripta
368 2477 476 2556 quibus
498 2477 649 2537 comoedia
671 2477 769 2555 prisca
791 2475 859 2535 viris
883 2484 936 2544 est,

162 2560 227 2622 lloc
249 2562 376 2635 stabant,
399 2563 456 2622 hoc
478 2571 549 2622 sunt
571 2561 713 2633 imitandi,
736 2579 811 2638 quos
834 2577 932 2635 neque
954 2557 1077 2636 pulcher

161 2645 364 2724 Hermogenes
387 2665 527 2725 umquam
550 2647 620 2725 legit
642 2665 738 2724 neque
761 2644 863 2705 simius
885 2645 940 2703 iste

160 2730 207 2791 Nil
229 2741 347 2810 praeter
370 2731 487 2793 Calvum
512 2740 541 2792 et
562 2732 667 2791 doctus
689 2740 808 2791 cantare
831 2726 985 2790 Catullum.

159 2809 209 2875 ‘lt
229 2833 370 2894 maguum
393 2818 472 2888 fecit,
496 2818 573 2895 quod
596 2816 693 2876 verbis
715 2816 825 2876 Graeca
848 2812 960 2872 latinis
1121 2817 1149 2868 tt

161 2896 298 2961 Miscuit’.
343 2901 367 2962 0
390 2902 447 2963 seri
470 2903 643 2972 studiorum,
667 2902 758 2979 quine
780 2899 889 2979 putetis

163 2985 286 3046 Difficile
309 2994 339 3048 et
360 2988 476 3058 mirum,
502 2987 616 3047 Rhodio
640 2986 718 3065 quod
742 2982 919 3045 Pitholeonti

162 3069 314 3150 Contigit?
354 3064 405 3132 ‘At
426 3091 523 3132 sermo
546 3073 647 3150 lingua
670 3072 838 3131 concinnus
861 3079 985 3145 utraque

161 3154 295 3229 Suavior‚
317 3165 349 3217 ut
372 3157 444 3218 Chio
467 3167 534 3217 nota
558 3158 582 3218 si
605 3158 753 3217 conmixta
775 3154 891 3215 falerni
914 3145 974 3213 est?

162 3239 235 3301 Cum
257 3260 360 3303 versus
382 3242 479 3314 facias,
501 3253 531 3302 te
553 3243 650 3320 ipsum
673 3250 843 3320 percontor,
867 3258 903 3299 an
929 3247 957 3297 et
980 3255 1048 3298 cum
1122 3243 1150 3292 25

84 3355 282 3366 ι-----

163 3439 185 3490 X
203 3457 228 3493 u.
243 3444 333 3495 1¹-8·
344 3445 422 3492 unus
434 3444 531 3493 inclusi
543 3458 602 3492 cum
615 3442 664 3493 HV
665 3441 742 3493 MAI(
751 3459 767 3491 a
780 3432 914 3504 landino,
932 3439 1001 3489 Aldo
1019 3435 1151 3497 Munatio,

84 3507 219 3574 lambino,
234 3510 375 3575 permultis
393 3510 454 3560 aliis
473 3513 589 3573 omissos,
609 3510 802 3572 condemnatos,
820 3509 1007 3560 addubitatoe:
1025 3504 1152 3553 cohibent

84 3577 121 3641 [lli
141 3592 191 3626 om.
209 3593 225 3628 v
241 3583 244 3642 Ι
261 3581 289 3630 3·
307 3578 368 3629 .lloc
381 3579 415 3631 al.
433 3580 437 3641 Ι
452 3581 480 3629 4·
499 3585 539 3630 est
558 3594 608 3644 quo
621 3578 660 3630 uir
672 3578 763 3629 melior
776 3582 863 3643 atquo
877 3577 965 3627 melior
978 3573 1017 3623 uir
1029 3575 1068 3622 est
1083 3575 1130 3620 otc.
1145 3566 1150 3637 Ι

84 3647 106 3696 i*
122 3661 161 3709 sq.
181 3660 286 3709 puerum
312 3653 351 3697 est
373 3646 590 3710 ...exhortatus]
610 3647 725 3698 Wiasiuo
743 3663 759 3696 a
780 3646 986 3698 Wuestemonao
1013 3639 1150 3698 laudotm;

84 3711 213 3778 llssift's't'm
231 3714 315 3779 (apud
327 3714 637 3775 Wuotom.-r1eenuorr.²
665 3717 739 3777 1843)
765 3716 795 3764 in
812 3713 908 3764 scholis
925 3727 950 3763 a.
971 3710 1035 3761 1828
1054 3708 1152 3757 tabida

84 3782 111 3844 [v.
129 3796 156 3846 p.
176 3779 254 3845 XlV):
274 3797 336 3848 puer
355 3788 400 3833 et.
414 3819 420 3831 .
434 3821 440 3834 .
453 3783 601 3834 exhortatus
619 3785 649 3846 (a.
668 3787 800 3834 exortatus
817 3799 838 3832 e.
857 3780 987 3840 exoratus)
1006 3777 1070 3826 libri
1090 3789 1151 3840 puo-

84 3857 253 3982 fflmuaeet(
268 3851 384 3983 {tortarius
402 3849 485 3918 H-Pl
509 3866 532 3899 v.
552 3853 567 3902 2
591 3851 672 3918 inepti
691 3852 726 3915 (o)
750 3852 754 3907 l
780 3854 873 3902 duum
897 3849 901 3914 1
928 3849 958 3899 13
976 3844 1072 3897 urbane
1090 3840 1151 3908 (ull

84 3927 87 3938 ’
128 3916 226 3983 putatis
253 3933 268 3968 u
