2640 4372
471 200 680 253 unumunurn
700 206 738 255 15.
761 205 798 256 16.

225 374 286 433 Nec
304 374 456 434 fortuitum
472 391 614 452 spernere
629 375 786 453 caespitem

226 458 323 537 Leges
337 459 484 534 sinebant,
501 458 608 538 oppida
624 458 742 538 publico

273 543 400 623 Sumptu
415 543 552 604 iubentes
568 552 597 603 et
612 544 733 604 deorum

324 628 446 708 Templa
462 648 538 689 novo
554 629 695 689 decorare
710 647 789 691 saxo.

600 966 663 1027 XVI

227 1083 328 1144 Otium
343 1083 424 1144 divos
439 1092 523 1163 rogat
538 1084 568 1145 in
586 1085 697 1163 patenti

227 1167 358 1229 Pronsus
374 1169 498 1246 Aegaeo,
514 1169 601 1229 simul
618 1179 679 1230 atra
696 1170 792 1232 nubes

228 1252 367 1314 Condidit
381 1254 482 1314 lunam
498 1273 594 1332 neque
611 1264 690 1315 certa
708 1255 822 1333 fulgent

303 1338 404 1399 Sidera
420 1339 526 1411 nautis,

224 1456 324 1518 Otium
341 1456 418 1516 bello
434 1457 544 1517 furiosa
560 1457 683 1528 Thrace,

226 1541 327 1602 Otium
344 1540 420 1600 Medi
435 1542 573 1619 pharetra
588 1542 697 1613 decori,

224 1626 368 1703 Grospho,
386 1644 447 1685 non
464 1626 587 1704 gemmis
603 1645 701 1703 neque
718 1644 849 1706 purpura
865 1646 915 1688 ve-

301 1710 367 1769 nale
384 1728 480 1788 neque
496 1728 584 1784 auro;

224 1829 290 1889 Non
309 1828 389 1889 enim
404 1846 492 1905 gazae
509 1847 606 1908 neque
623 1829 788 1890 consularis

224 1913 386 1974 Submovet
400 1913 488 1974 lictor
501 1914 625 1975 miseros
641 1915 784 1976 tumultus

223 1997 331 2058 Mentis
347 2008 376 2058 et
391 2017 476 2060 curas
491 1999 625 2077 laqueata
642 1999 755 2059 circum

299 2083 387 2144 Tecta
403 2084 535 2145 volantis.

150 2201 155 2207 “
223 2202 335 2263 Vivitur
350 2221 438 2281 parvo
455 2202 542 2275 bene,
559 2202 607 2262 cui
622 2212 780 2281 paternum

223 2286 366 2366 Splendet
381 2288 411 2346 in
427 2306 530 2347 mensa
544 2287 628 2346 tenui
645 2287 771 2348 salinum

222 2373 283 2432 Nec
298 2371 368 2431 levis
383 2390 503 2432 somnos
519 2371 608 2431 timor
623 2381 674 2431 aut
689 2372 796 2450 cupido

302 2455 444 2516 Sordidus
458 2456 563 2514 aufert.

225 2572 300 2643 Quid
311 2567 398 2632 'brevi
414 2573 505 2632 fortes
520 2571 683 2631 iaculamur
698 2589 767 2641 aevo

226 2654 339 2717 Multa‘l
356 2656 425 2734 qnid
441 2666 535 2716 terras
550 2655 607 2715 alio
623 2654 746 2717 calentis

224 2741 293 2802 Sole
309 2739 478 2801 mutamus?
494 2741 607 2819 patriae
623 2741 689 2818 quis
706 2741 773 2801 exul

300 2826 339 2886 Se
355 2844 473 2904 quoque
488 2822 585 2904 fugit?
601 2860 642 2870 —
670 2898 675 2909 .

222 2943 343 3004 Scandit
359 2954 472 3004 aeratas
487 2944 589 3004 vitiosa
605 2945 685 3005 navis

222 3028 297 3090 Cura
315 3048 370 3090 nec
385 3038 497 3090 turmas
512 3030 646 3108 equitum
662 3030 813 3107 relinquit,

222 3114 313 3175 Ocior
329 3115 421 3175 cervis
438 3125 467 3174 et
482 3123 588 3193 agente
605 3114 722 3175 nimbos

299 3198 391 3260 Ocior
405 3199 495 3260 Euro.

221 3317 329 3378 Laetus
344 3318 375 3377 in
391 3336 532 3396 praesens
547 3319 664 3379 animus
679 3318 759 3396 quod
778 3317 852 3378 ultra
869 3326 913 3379 est

221 3401 325 3463 Oderit
339 3420 443 3464 curare
460 3414 488 3464 et
503 3422 599 3464 amara
616 3404 696 3464 lento

220 3487 378 3566 Temperet
393 3487 470 3548 risu:
489 3489 561 3548 nihil
577 3499 621 3549 est
637 3488 673 3549 ab
690 3489 771 3549 omni

296 3571 382 3632 Parte
398 3572 524 3633 beatum.

92 3709 294 3716 ————-—

125 3820 272 3953 uffnyo.
293 3824 324 3875 15
343 3827 396 3887 ant]
415 3839 462 3876 neo
481 3823 590 3876 Servius
614 3824 650 3873 ad
666 3826 698 3874 A.
719 3822 740 3870 V
760 3824 809 3874 122
836 3821 840 3888 Ι
870 3824 899 3872 17
920 3823 1007 3870 sontes
1025 3819 1061 3881 (o)
1089 3817 1093 3882 l
1120 3820 1160 3880 [21
