2640 4372
567 214 765 267 unultmuttl
787 218 828 268 tt.
848 218 887 268 22.

697 386 762 447 xxi

324 504 446 564 Dianam
464 513 584 566 tenerae
600 505 687 566 dicite
703 505 841 582 virgines,

324 588 489 662 intonsum,
506 591 601 668 pueri,
617 589 704 650 dicite
720 588 876 669 Cynthium

375 673 574 752 Latonamque
590 692 729 754 supremo

421 759 561 820 [illectam
576 760 695 839 penitus
711 759 769 818 lovi
778 777 786 832 ;

267 906 280 953 5
324 893 382 954 Vos
397 893 500 955 laetam
515 896 610 958 fluviis
625 907 654 957 et
671 914 826 957 nemorum
842 911 935 963 coma,

325 978 534 1058 Quaecumque
549 990 599 1041 ant
614 982 709 1059 gelido
725 981 874 1059 prominet
890 977 991 1056 Algido

369 1064 467 1143 Nigris
482 1076 532 1126 aut
546 1065 720 1145 Erymanthi

421 1150 505 1210 Silvis
520 1158 569 1210 aut
584 1150 682 1210 viridis
699 1150 793 1226 Gragi,

324 1287 382 1346 Vos
397 1285 508 1363 Tempe
524 1285 644 1345 tetidem
661 1285 752 1344 tollite
768 1284 902 1345 laudibus

255 1379 282 1429 m
325 1370 525 1447 Natalemque‚
541 1388 645 1442 mares,
662 1369 754 1429 Delon
773 1369 916 1447 Apollinis

371 1454 580 1531 lusignemque
595 1454 732 1533 pharetra

422 1538 444 1597 F
447 1549 622 1616 raternaque
637 1557 772 1599 umerum
788 1539 858 1618 lyra.

326 1674 380 1734 Hic
397 1673 504 1733 bellum
520 1673 716 1745 lacrimosum,
733 1676 781 1735 hic
797 1676 932 1736 miseram
948 1679 1054 1740 samem

326 1759 499 1837 Pestemque
515 1777 531 1817 a
546 1759 656 1836 populo
673 1769 702 1819 et
717 1761 852 1839 principe
868 1761 990 1823 Caesare
1005 1762 1035 1823 in

256 1853 283 1903 te
371 1842 475 1903 Persas
490 1852 578 1919 atque
593 1843 752 1906 Britannos

423 1927 525 1988 Vestra
541 1937 638 1988 motus
653 1939 720 2008 aget
736 1949 832 2009 prece.

697 2282 776 2342 llllll

326 2399 446 2476 Integer
461 2397 534 2457 vitae
550 2399 728 2478 scelerisque
744 2418 837 2478 purus

326 2484 391 2544 Non
408 2491 474 2558 eget
489 2482 598 2544 Mauris
613 2483 714 2545 iaculis
730 2502 825 2561 neque
840 2501 911 2543 arcu

327 2569 387 2630 Nec
404 2567 553 2629 venenatis
568 2569 686 2646 gravida
700 2568 821 2645 sagittis,

404 2650 508 2726 Fusce‚
525 2652 672 2730 pharetra,

270 2801 283 2848 ὁ
329 2788 395 2849 Sive
412 2808 466 2869 per
481 2788 574 2869 Syrtis
590 2789 646 2848 iter
661 2796 809 2846 aestuosas

328 2873 394 2934 Sive
411 2875 544 2934 facturus
559 2890 612 2950 per
627 2871 833 2950 inhospitalem

328 2958 488 3019 Caucasum
504 2958 548 3017 vel
564 2974 638 3033 qnae
654 2955 716 3015 loca
733 2956 881 3017 labulosus

403 3041 519 3101 Lamhit
533 3040 693 3120 Hydaspes.
908 3034 911 3039 ’

328 3178 461 3255 Namque
478 3194 524 3235 me
540 3175 609 3235 silva
625 3176 712 3254 lupus
727 3177 756 3235 in
775 3175 891 3248 Sabina,

259 3273 286 3322 111
329 3263 405 3323 Dum
422 3280 515 3322 meam
532 3270 619 3321 canto
635 3261 760 3341 Lalagen
778 3278 807 3321 er
821 3261 897 3321 ultra

328 3346 501 3407 Terminum
518 3345 597 3406 curis
612 3364 700 3424 vagor
716 3346 868 3425 expeditis

405 3430 491 3510 Fugit
506 3429 659 3504 inermem,

200 3565 404 3576 ...—-—-—

289 3681 346 3732 XXI
363 3697 387 3735 a.
407 3683 422 3732 5
441 3695 539 3731 comam
563 3678 568 3748 Ι
595 3681 756 3734 121111111ειοε
775 3685 807 3733 et.
828 3680 911 3748 H-Pl
937 3683 967 3732 ta
987 3679 1050 3731 haec
1068 3680 1163 3732 bellum
1180 3681 1275 3734 Dalio-

203 3751 296 3801 meliur
314 3755 379 3799 terte
398 3748 447 3812 OK,
467 3750 550 3800 Bentl.

287 3817 353 3868 XXll
371 3833 395 3868 o.
414 3819 428 3867 2
447 3816 526 3868 Mauri
546 3819 630 3881 (1))Ιῖ
649 3817 792 3880 fabulosus]
804 3843 838 3862 =
851 3816 923 3867 Luci.
942 3819 1003 3869 inst.
1023 3817 1075 3869 dtu.
1096 3815 1117 3866 V
1137 3820 1180 3870 17:
1199 3817 1272 3871 labu-

202 3885 257 3938 losa
276 3889 298 3950 (s
317 3889 343 3935 st
359 3901 372 3936 a
392 3900 427 3938 m.
447 3888 472 3950 2)
490 3885 564 3936 Luce.
583 3886 639 3938 cod.
658 3889 718 3938 Pur.
740 3888 806 3938 1664
822 3887 826 3951 Ι
844 3888 872 3936 11
892 3883 1026 3950 expeditus
1045 3886 1079 3949 (a)
