2640 4372
140 207 200 267 238
517 212 560 264 DE
578 212 665 267 ARTE
683 213 829 268 pourton.

223 382 322 445 Nolito
345 386 381 445 ad
401 403 505 447 versus
526 385 579 447 tibi
601 388 694 447 factos
717 388 825 449 ducere
848 387 970 466 plenum

224 467 379 543 Laetitiae;
403 471 540 532 clamabit
561 473 640 532 enim
659 464 807 551 ‘pulchre
830 472 917 547 bene,
941 469 1042 546 recte'‚

224 553 367 616 Pallescet
388 574 479 635 super
501 557 555 628 his,
579 558 665 618 etiam
689 556 809 618 stillabit
832 559 933 620 amicis

223 639 268 700 Ex
291 641 384 701 oculis
406 658 515 715 rorem,
538 642 631 714 saliet,
654 643 759 702 tundet
781 644 855 722 pede
879 653 997 705 terram.

223 724 261 784 Ut
283 727 333 803 qui
356 727 496 787 conducti
519 727 637 807 plorant
658 729 689 788 in
712 729 817 788 sunere
840 729 943 789 dicunt

222 808 260 870 Et
282 812 394 871 faciunt
416 830 510 891 prope
532 813 617 891 plura
640 812 810 874 dolentibus
832 833 866 873 ex
889 815 996 887 animo,
1019 817 1061 876 sic

222 895 341 956 Derisor
362 915 432 957 vero
455 898 521 976 plus
543 898 694 958 laudatore
717 909 860 959 movetur.

222 980 317 1059 Reges
339 982 480 1042 dicuntur
502 983 602 1042 multis
626 1001 731 1061 urgere
754 983 860 1043 culillis

165 1076 176 1088 '
221 1064 258 1126 Et
280 1077 420 1145 torquere
442 1085 534 1136 mero,
559 1086 646 1146 quem
669 1071 854 1148 perspexisse
877 1068 1022 1141 laborant,
1083 1120 1087 1126 ,

219 1151 265 1210 An
289 1152 327 1212 sit
347 1152 472 1212 amicitia
496 1152 617 1230 dignus;
641 1153 665 1214 si
688 1155 818 1214 carmina
841 1154 962 1226 condes,

219 1235 385 1315 Numquam
408 1246 437 1298 te
459 1237 562 1297 sallent
583 1238 672 1298 animi
695 1236 750 1299 sub
774 1240 859 1317 volpe
881 1239 1015 1301 latentes.
1039 1276 1080 1285 -

221 1320 364 1391 Quintilio
387 1322 483 1400 siquid
507 1325 657 1394 recitares,
677 1316 815 1403 ‘corrigc
838 1325 934 1396 sodes,

220 1401 292 1466 lloc'
316 1407 412 1468 aiebat
430 1400 473 1467 ‘et
495 1403 572 1481 hoc'3
595 1409 700 1469 melius
723 1417 751 1468 te
774 1428 861 1487 posse
884 1428 1018 1488 negares,

220 1492 269 1552 Bis
291 1500 396 1571 terque
419 1503 573 1572 expertum
597 1495 719 1555 frustra:
743 1494 842 1554 delere
864 1493 983 1554 iubebat

218 1577 256 1637 Et
278 1579 353 1638 male
376 1588 510 1639 tornatos
533 1580 632 1639 incudi
655 1579 778 1639 reddere
802 1597 913 1640 versus.

218 1663 250 1723 Si
272 1663 431 1724 defendere
453 1664 591 1725 delictum
616 1683 703 1742 quam
725 1674 840 1724 vertere
862 1664 972 1737 malles,

216 1749 336 1809 Nullum
360 1750 435 1810 ultra
459 1749 580 1810 verbum
604 1759 654 1809 aut
676 1767 795 1828 operam
819 1748 987 1811 insumebat
1009 1750 1137 1823 inanem,

218 1833 297 1903 Quin
322 1835 386 1895 sine
410 1835 490 1894 rivali
513 1844 602 1913 teque
625 1846 654 1896 et
676 1843 725 1895 tua
748 1834 829 1896 solus
851 1853 972 1896 amares.

217 1918 268 1979 Vir
290 1920 388 1980 bonus
411 1930 440 1980 et
461 1920 594 1998 prudens
616 1939 719 1981 versus
741 1920 940 1998 reprehendet
962 1921 1075 1993 inertis,

217 2003 353 2084 Culpabit
375 2006 474 2075 duros,
498 2005 657 2083 incomptis
680 2005 792 2065 adlinet
813 2015 911 2065 atrum

215 2091 395 2150 Transverso
419 2089 529 2149 calamo
553 2091 681 2166 signum,
704 2090 857 2151 ambitiosa
880 2089 991 2151 recidet

216 2174 408 2244 Ornamenta,
431 2192 534 2252 parum
559 2174 645 2235 claris
667 2175 763 2234 lucem
787 2175 855 2235 dare
878 2185 974 2253 coget,

215 2262 329 2339 Arguet
351 2257 487 2335 ambigue
510 2259 631 2332 dictum,
654 2260 792 2319 mutanda
817 2258 939 2333 notabit,

216 2346 281 2406 Fiet
302 2345 491 2406 Aristarchus
515 2363 569 2405 neo
592 2345 670 2405 dicet
687 2338 756 2405 ‘cur
777 2362 833 2422 ego
856 2345 981 2405 amicum

216 2431 371 2492 Offendam
394 2431 425 2490 in
450 2420 585 2508 nugisl':
609 2431 664 2491 hae
687 2448 783 2508 nugae
806 2430 882 2491 seria
905 2429 1016 2489 ducent

216 2517 249 2576 ln
273 2517 348 2577 mala
371 2516 499 2576 derisum
522 2515 613 2575 semel
636 2526 852 2594 exceptumque
876 2514 1005 2575 sinistre.
1029 2549 1070 2558 —

216 2601 254 2662 Ut
276 2602 350 2661 mala
375 2620 462 2681 quem
485 2601 598 2662 scabies
620 2609 670 2661 aut
692 2600 813 2661 morbus
836 2600 935 2678 regius
958 2610 1043 2677 urget

215 2689 273 2746 Aut
295 2688 440 2747 fanaticus
463 2704 548 2746 error
571 2694 600 2745 et
622 2686 761 2746 iracunda
784 2685 886 2758 Diana,

217 2771 363 2833 Vesanum
387 2771 517 2850 tetigisse
540 2771 646 2831 timent
667 2771 844 2849 fugiuntque
867 2780 984 2848 poetam

215 2855 273 2926 Qui
296 2858 429 2935 sapiunt3
454 2857 564 2935 agitant
586 2856 671 2934 puori
693 2856 864 2934 incautique
887 2864 1037 2915 secuntur.

215 2941 270 3002 llic
293 2943 362 3001 dum
385 2941 519 3002 sublimis
541 2959 643 3001 versus
665 2949 798 3001 ructatur
820 2951 850 3000 et
872 2949 961 3013 errat,

215 3027 246 3087 Si
270 3027 356 3086 veluti
381 3027 502 3087 merulis
525 3026 657 3086 intentus
680 3024 787 3086 decidit
808 3043 917 3104 auceps

213 3113 246 3172 ln
270 3121 392 3191 puteum
416 3113 573 3183 loreamre,
597 3110 665 3171 licet
683 3104 869 3171 ‘succurrite’
894 3110 1016 3189 longum

125 3209 169 3260 460
212 3197 324 3259 Clamet
343 3190 385 3256 ‘io
409 3193 509 3270 cives',
533 3214 594 3256 non
618 3196 655 3256 sit
678 3195 728 3274 qui
750 3195 855 3255 tollere
878 3205 971 3255 curet.

211 3284 241 3343 Si
265 3292 350 3343 curet
371 3282 437 3360 quis
460 3299 547 3361 opem
571 3281 648 3341 ferre
671 3290 700 3341 et
721 3281 874 3341 demittere
897 3282 1010 3351 funem,

209 3363 282 3439 ‘Oui
305 3368 371 3441 scis,
395 3386 431 3427 an
454 3367 587 3445 prudens
609 3367 668 3426 huc
690 3385 721 3427 se
744 3366 903 3444 proiecerit
925 3374 1013 3443 atque

212 3453 327 3514 Servari
351 3449 464 3512 nolitl'
489 3451 585 3512 dicam
608 3451 759 3529 Siculique
782 3459 886 3530 poetae

212 3723 235 3757 υ.
255 3708 304 3758 429
323 3720 400 3771 super
419 3703 468 3767 bis,
487 3705 574 3766 etiam]
593 3704 668 3754 libri:
693 3718 779 3770 ,super
803 3702 842 3753 bis
870 3702 946 3754 etiam
969 3701 1004 3754 al.
1031 3701 1036 3756 Ι
1063 3702 1111 3752 431
1135 3715 1202 3765 quae

125 3773 267 3826 conductae
294 3774 344 3825 lar.
362 3771 508 3824 Markland
534 3773 570 3821 ad
595 3773 693 3822 calcem
724 3771 764 3824 ed.
792 3771 859 3822 Eur.
887 3769 1042 3835 supplicum
1067 3785 1093 3834 p.
1118 3768 1169 3820 256
1195 3765 1200 3836 Ι

126 3846 176 3894 435
195 3842 332 3906 laborent!
348 3845 396 3894 431
416 3839 506 3892 fallant
522 3840 641 3905 (υ)1441
662 3845 705 3891 aut
725 3839 755 3891 G.
774 3838 880 3903 Krdger
900 3839 905 3904 Ι
926 3841 976 3890 tao
995 3852 1046 3888 uon
1068 3838 1073 3904 Ι
1093 3839 1142 3888 455
1163 3835 1202 3886 iu·

126 3911 249 3977 gientque
264 3913 268 3972 Ι
285 3912 334 3962 458
353 3910 384 3971 si]
402 3911 450 3974 (v):
469 3908 507 3960 sic
522 3911 526 3975 Ι
542 3909 592 3960 462
610 3908 731 3960 deiecerit
