2640 4372
122 227 185 286 104
557 233 686 287 EPOBON
706 240 729 290 l.
747 241 771 289 2

182 415 211 464 25
255 404 321 465 Non
345 414 378 463 ut
400 405 531 465 iuvencis
554 405 671 484 inligata
695 408 829 486 pluribus

300 492 403 549 aratra
428 490 561 550 nitamur
582 492 656 551 meis

255 575 385 634 Pecusre
407 573 539 636 Calabris
559 585 629 635 ante
650 577 732 637 sidus
753 579 897 638 fervidum

301 658 419 718 lucana
443 669 537 719 mutet
558 662 675 739 pascuis

254 744 358 821 Neque
380 752 413 803 ut
433 745 556 822 superni
579 746 643 805 n'lla
666 745 798 806 candens
820 745 940 809 Tusculi

182 840 213 891 tt)
299 827 420 890 circaea
442 838 544 907 tangat
566 831 692 890 moenia.
715 865 756 874 -

257 913 334 976 Satis
356 932 506 992 superque
528 932 574 974 me
597 914 764 994 benignitas
786 925 835 975 tua

303 999 422 1060 Ditarit:
445 999 522 1059 haud
545 1018 696 1077 paravero,

255 1085 343 1155 Ouotl
364 1095 415 1144 aut
436 1103 539 1144 avarus
561 1095 594 1144 ut
616 1084 757 1146 Chremes
778 1092 857 1144 terra
878 1104 1022 1164 premam,

304 1170 470 1230 Discinctos
492 1179 541 1228 aut
564 1170 685 1247 perdam
708 1188 812 1247 nepos.

654 1455 680 1514 ll

255 1568 377 1634 ‘Beatus
399 1573 448 1632 ille
471 1574 520 1650 qui
543 1573 648 1652 procul
672 1572 805 1650 negotiis,

308 1658 346 1719 Ut
368 1659 465 1737 prisca
485 1676 559 1735 gens
581 1657 758 1730 mortalium,

260 1744 385 1804 Paterna
408 1761 477 1802 rura
499 1742 596 1803 bobus
618 1751 736 1803 exercet
758 1743 828 1814 suis,

308 1828 428 1889 Solutus
450 1828 532 1887 omni
556 1829 686 1899 faenore,

203 1928 219 1975 5
260 1914 363 1991 Neque
385 1913 529 1972 excitatur
551 1913 673 1973 classico
696 1911 779 1972 miles
802 1911 876 1971 truci

309 1998 412 2076 Neque
435 1998 536 2056 horret
558 1998 664 2056 iratum
687 2014 768 2056 mare

263 2085 433 2159 Fonrmque
454 2083 523 2140 vitat
545 2091 575 2140 et
596 2081 722 2160 superba
745 2082 852 2142 civium

309 2167 515 2226 Potentiorum
537 2165 647 2225 limina.

264 2253 344 2330 Ergo
366 2259 416 2310 aut
437 2249 534 2310 adulta
556 2251 656 2310 vitium
679 2250 843 2329 propagine

198 2350 226 2400 tt
311 2336 390 2396 Altus
413 2336 529 2396 maritat
550 2335 676 2414 populos

269 2427 327 2483 Aut
347 2422 378 2480 in
401 2422 521 2481 reducta
543 2421 616 2481 valle
638 2420 832 2498 mugientium

312 2507 487 2585 Prospectat
508 2507 634 2567 errantis
655 2523 759 2584 greges

267 2592 441 2671 lnutilisque
463 2592 537 2651 falce
559 2609 656 2651 ramos
679 2596 835 2667 amputans

315 2677 473 2737 Feliciores
495 2676 598 2736 inserit

198 2774 226 2822 tt
268 2764 326 2821 Aut
347 2780 448 2840 pressa
471 2761 553 2840 puris
576 2759 658 2819 mella
682 2757 784 2817 condit
805 2757 965 2835 amphoris,

316 2849 372 2906 Aut
394 2846 497 2906 tondet
518 2846 649 2905 infirmas
671 2843 732 2902 ovis

270 2931 331 3003 Vel,
355 2948 422 2990 cum
445 2930 587 2989 decorum
609 2928 729 2989 mitibus
750 2927 846 3005 pomis
869 2934 957 3005 caput

317 3018 483 3074 Autumnus
505 3014 582 3091 agris
604 3013 717 3083 extulit,

272 3099 310 3159 Ut
332 3100 438 3178 gauter
459 3098 572 3158 insitiva
595 3098 758 3175 decerpens
779 3096 842 3175 pira

200 3197 229 3245 tt
314 3184 481 3243 Certantem
505 3192 533 3242 et
555 3200 638 3242 uram
662 3198 821 3261 purpurae,

272 3268 336 3338 Qua
359 3276 532 3328 muneretur
554 3277 592 3340 te,
616 3267 730 3346 Priape,
753 3274 843 3337 etto,
866 3273 948 3342 pater

320 3353 444 3424 silvane,
468 3362 548 3413 tutor
571 3353 682 3413 linium.

275 3436 360 3497 Libet
381 3439 476 3498 iacere
499 3438 586 3497 modo
608 3438 664 3497 sub
687 3436 808 3512 antiqua
830 3433 905 3506 ilice,

322 3521 408 3583 Modo
431 3522 461 3582 in
485 3523 580 3583 tenaci
604 3522 752 3601 gramine;

146 3642 348 3651 ———

233 3708 242 3759 l
262 3724 285 3758 o.
304 3709 336 3759 26
355 3721 410 3756 mea
428 3708 462 3770 (u)
481 3705 565 3758 Bentl.
581 3705 586 3771 Ι
602 3707 633 3758 28
652 3719 744 3769 pascua
760 3703 765 3769 Ι
781 3704 813 3756 29
826 3716 934 3768 superne
947 3704 982 3766 (o)
995 3699 1150 3764 Madvigius
1159 3699 1220 3750 adv.

150 3781 209 3827 crit.
228 3775 247 3826 ll
266 3778 297 3827 55
314 3776 318 3839 Ι
334 3778 368 3826 34
384 3778 413 3824 ut
431 3788 511 3838 nepos

233 3843 252 3894 ll
270 3860 294 3895 u.
314 3846 345 3895 13
363 3842 493 3893 inutilisve
511 3841 596 3892 Bentl.
623 3842 627 3901 Ι
656 3841 686 3893 18
714 3839 782 3890 aruis
809 3840 844 3902 (o)
871 3863 902 3881 =
929 3836 1041 3888 lcodd.
1061 3851 1105 3901 up.
1133 3835 1221 3898 Brun,

152 3911 324 3977 B⁰seil120
344 3925 453 3976 purpura
472 3910 554 3960 iidem
571 3909 646 3961 codd.
666 3908 815 3972 Cruquiant
830 3905 881 3956 soli
