2640 4372
419 217 648 271 EPISTULARUM
666 220 676 272 l
695 224 718 273 l.
738 223 763 276 8·

137 389 245 450 Verum
267 388 318 450 ubi
341 409 409 450 oves
431 391 520 460 lurto,
544 389 648 450 morbo
672 394 787 471 periere
810 395 948 475 capellae,

136 475 226 553 Spem
250 475 371 535 mentita
393 492 486 554 seges,
510 475 565 537 bos
588 487 632 536 est
654 490 776 539 enectus
798 479 920 550 arando,

136 559 274 621 Offensus
296 560 411 621 damnis
433 561 527 621 media
550 561 586 622 de
609 571 697 622 nocte
721 563 864 624 caballum

136 644 247 725 Arripit
270 645 420 724 iratusque
443 645 572 724 Philippi
595 647 689 707 tendit
710 648 746 708 ad
769 648 859 710 aedis

135 730 229 800 Quem
244 729 332 791 simul
342 731 478 832 adspexit
492 731 652 792 scabrum
645 741 859 812 intonsumque
872 731 1034 813 Philippus,
1091 747 1121 798 ιι

129 804 258 887 ‘Durus’
285 816 325 875 ait
342 808 461 889 ‘Vultei,
485 816 573 876 nimis
593 824 783 897 attentusque
807 819 912 880 videris

133 899 205 961 Esse
227 893 316 960 mihi.³
352 891 429 973 ‘,Pol
453 919 499 961 me
522 900 671 976 miserum,
695 913 829 982 patrone,
853 920 982 977 vocares,

133 984 163 1044 Si
186 975 281 1046 relles'
307 985 404 1063 inquit
422 978 537 1046 ‘verum
561 985 633 1046 mihi
655 1006 768 1066 ponere
791 1007 911 1050 nomen.

133 1069 218 1139 Quod
242 1077 269 1130 te
292 1089 392 1149 per
369 1069 495 1131 Genium
519 1071 710 1167 dextramque
732 1074 863 1153 deosque
887 1075 1003 1136 Penatis

132 1153 264 1215 Obsecro
287 1164 316 1215 et
339 1154 479 1225 obtestor,
501 1155 577 1216 vitae
601 1175 648 1216 me
670 1159 760 1219 redde
783 1151 902 1240 prioril'
930 1195 970 1205 —
1091 1172 1119 1222 95

128 1238 189 1309 uui
212 1240 304 1301 semel
327 1240 470 1319 adspexit,
493 1250 637 1319 quantum
662 1242 779 1305 dimissa
803 1263 840 1323 pe
842 1245 902 1305 titis

130 1324 292 1400 Praestent,
316 1334 429 1386 mature
451 1327 551 1386 redeat
574 1334 747 1406 repetatque
769 1330 887 1402 relicta;

130 1409 225 1470 lletiri
248 1429 280 1471 se
304 1429 451 1489 quemque
473 1430 528 1472 suo
552 1412 672 1472 modulo
695 1431 728 1474 ac
751 1414 826 1494 pede
850 1434 952 1475 verum
974 1425 1027 1477 est.

546 1699 613 1759 Vlll

130 1814 213 1877 Celso
236 1817 365 1893 gaudere
387 1826 416 1876 et
439 1816 515 1876 bene
538 1835 600 1877 rem
624 1836 728 1897 gerere
751 1817 934 1879 Albinovano

127 1901 209 1962 llusa
233 1911 333 1979 rogata
356 1902 444 1973 refer,
467 1902 567 1962 comiti
589 1903 763 1980 scribaeque
785 1903 921 1964 Neronis.

128 1985 159 2047 Si
182 1995 306 2064 quaeret
328 1986 398 2064 quid
421 2005 514 2066 agam,
538 1987 584 2048 dic
607 1988 698 2048 multa
720 1997 749 2047 et
772 1988 895 2067 pulchra
918 1991 1079 2052 minantem

126 2069 230 2131 Vivere
254 2090 309 2132 nec
333 2080 413 2132 recte
437 2091 493 2133 nec
515 2073 651 2145 suaviter,
674 2073 753 2133 baud
775 2073 844 2151 quia
866 2076 978 2151 grando

126 2155 301 2217 Contuderit
322 2156 388 2218 vitis
411 2157 565 2236 oleamque
589 2158 782 2219 momorderit
803 2169 901 2221 aestus
1101 2173 1116 2224 5
1190 2211 1191 2215 ,

127 2241 187 2301 Nec
210 2241 278 2319 quia
299 2241 470 2321 longinquis
494 2254 661 2305 armentum
684 2251 817 2322 aegrotet
838 2245 868 2304 in
892 2245 980 2322 agris,

128 2325 184 2386 Sed
207 2327 276 2403 quia
299 2336 398 2387 mente
421 2329 519 2389 minus
541 2329 652 2389 validus
675 2347 763 2407 quam
786 2347 913 2408 corpore
935 2339 997 2391 toto

126 2410 174 2471 Nil
196 2410 297 2472 audire
320 2411 416 2482 velim,
441 2412 484 2472 nil
506 2413 629 2485 discere,
654 2413 734 2490 quod
755 2412 832 2472 levet
854 2432 992 2491 aegrum3

128 2495 207 2557 Fidis
230 2497 365 2557 offendar
386 2496 518 2569 medicis,
542 2497 651 2557 irascar
673 2496 784 2568 amicis,

128 2580 187 2640 Cur
209 2599 256 2641 me
279 2582 398 2642 lunesto
422 2590 586 2660 properent
608 2599 709 2641 arcere
731 2589 872 2653 veterno;
1087 2596 1115 2645 to

126 2665 208 2734 Quae
232 2684 363 2726 nocuere
385 2684 503 2744 sequar,
526 2666 635 2743 logiam
659 2683 734 2744 quaa
757 2666 877 2744 profore
900 2667 1035 2742 credam;

125 2750 237 2811 Romae
259 2750 353 2812 Tibur
375 2769 470 2811 amem
492 2762 643 2823 ventosus
667 2749 778 2811 Tibure
800 2749 934 2811 Romam

125 2835 196 2897 Post
217 2835 300 2909 haec,
324 2848 356 2896 ut
376 2836 477 2908 valeat,
501 2856 561 2916 quo
583 2845 670 2916 pacto
692 2854 756 2896 rem
778 2847 861 2914 gerat
883 2844 913 2896 ιι
934 2856 975 2910 se,

125 2919 164 2981 Ut
185 2920 328 3023 placeat
320 2922 419 2982 iuveni
442 2930 619 3018 percontare
642 2931 734 2999 utque
757 2921 882 2982 cohorti.

125 3005 156 3065 Si
180 2997 285 3066 dicet‘
290 2996 390 3079 recte’,
413 3007 542 3085 primum
566 3007 703 3086 gaudere,
726 3006 853 3068 subinde
1084 3018 1113 3069 15

124 3090 318 3171 Praeceptum
341 3092 481 3153 auriculis
504 3093 561 3153 hoc
583 3092 726 3154 instillare
749 3100 915 3152 memento.

124 3175 163 3236 Ut
184 3184 217 3237 tu
240 3176 299 3236 fort
287 3185 399 3250 t,unam
422 3177 464 3238 sic
488 3185 593 3239 noste
564 3176 756 3250 te‚‚Celsel
754 3195 880 3237 eremus

129 3426 170 3478 llll
188 3443 211 3478 ιι.
231 3430 263 3480 93
282 3429 489 3494 ponere1=B⁶:
509 3427 594 3479 dicere
621 3429 625 3491 )
652 3429 684 3479 96
703 3427 791 3491 semel]
803 3429 838 3491 (v)
850 3427 994 3489 Bantomc,
1012 3427 1111 3480 umet:

81 3495 114 3546 tul
131 3497 135 3558 Ι
150 3494 276 3562 adspexit]
294 3500 444 3560 suspectum
463 3496 522 3547 coll.
540 3512 562 3547 ιι.
582 3498 615 3548 90
634 3493 669 3556 cl.
690 3494 735 3546 OK
751 3497 845 3560 epilog.
862 3511 888 3560 p.
907 3497 956 3547 636

129 3562 179 3614 Vlll
197 3579 220 3614 ιι.
239 3565 254 3615 3
276 3565 375 3630 quaerit
391 3563 395 3629 Ι
416 3568 430 3616 5
449 3564 566 3616 oleamue
585 3565 620 3625 (ιι)
645 3564 648 3628 Ι
673 3565 705 3615 12
723 3567 847 3614 uenturus
866 3579 881 3613 ιι
898 3565 941 3626 (=
952 3563 1013 3626 ΒΘ),
1032 3563 1110 3616 codd.

81 3635 139 3683 »tim
158 3635 228 3693 αιιιιι,
243 3635 349 3698 purtim
363 3637 425 3696 port
442 3636 566 3684 ventosus
585 3635 634 3681 aut
650 3635 772 3683 venturus
790 3632 1016 3696 distinguentibus
