2640 4372
125 2612 153 2660 15

289 933 1024 1032 EPISTULARUM

511 1117 605 1171 LIBER
623 1117 802 1170 SECUNDUS.

655 1290 669 1350 1

206 1413 279 1473 Cum
302 1421 346 1469 tot
368 1411 514 1471 sustineas
536 1419 565 1470 et
587 1419 668 1470 tanta
692 1410 808 1489 negotia
831 1409 921 1471 solus,

207 1498 266 1558 Res
288 1495 374 1556 ltalas
396 1496 485 1556 armis
507 1496 622 1564 tuteris,
644 1494 777 1554 moribus
799 1513 899 1556 ornes,

210 1580 339 1660 Legibus
362 1581 509 1646 emendes,
534 1583 563 1640 in
587 1580 705 1660 publica
728 1579 883 1639 commoda
905 1597 1037 1658 peccem.

207 1668 238 1727 Si
261 1667 351 1746 longo
373 1684 510 1726 sermone
533 1684 632 1726 morer
653 1676 703 1725 tua
725 1676 869 1742 tempora.
892 1664 1006 1726 Caesar.
1029 1700 1072 1711 -
1116 1664 1120 1669 '

207 1752 350 1813 Romulus
373 1762 402 1810 et
424 1751 513 1811 Liber
535 1762 620 1830 pater
642 1761 672 1810 et
694 1769 761 1810 oum
785 1752 905 1810 Castore
928 1748 1043 1819 Pollux,

208 1837 280 1897 Post
302 1837 432 1913 ingentia
455 1837 532 1895 sacta
555 1838 679 1896 deorum
701 1837 732 1895 in
756 1834 864 1913 templa
887 1835 1008 1914 recepti.

210 1922 287 1983 llum
311 1931 405 1981 terras
427 1922 641 1999 hominumque
664 1920 768 1981 colunt
790 1938 895 1998 genus.
917 1938 1021 1999 aspera
1044 1920 1120 1981 bella

209 2007 412 2084 Componunt,
433 2023 521 2083 agros
542 2006 707 2082 adsignant
727 2005 838 2085 oppida
861 2005 1006 2069 condunt

209 2089 366 2151 ploravere
388 2091 450 2150 suis
473 2109 535 2150 non
559 2091 742 2169 respondere
764 2095 896 2150 favorem

211 2176 368 2253 Speratum
390 2175 512 2234 meritis.
557 2175 657 2235 iliram
680 2176 731 2253 qui
754 2175 889 2235 contudit
911 2175 1034 2254 hydram

208 2261 343 2338 Notaque
365 2259 445 2319 latali
466 2268 604 2338 portenta
626 2260 729 2321 labore
750 2260 877 2338 subegit

210 2345 360 2424 Comperit
382 2345 519 2405 invidiam
541 2364 683 2425 supremo
705 2347 765 2406 line
788 2346 918 2419 domari;

210 2432 273 2491 Urit
294 2431 374 2490 enim
396 2431 512 2509 fulgore
534 2450 588 2491 suo
612 2432 663 2510 qui
684 2439 858 2510 praegravat
879 2431 951 2491 artis

209 2517 288 2576 lnlra
312 2535 343 2576 se
366 2517 485 2595 positas.
509 2518 673 2576 exstinctus
694 2516 840 2576 amabitur
862 2516 949 2576 idem.

213 2601 365 2662 Praesenti
389 2601 442 2660 tihi
464 2612 597 2662 maturos
620 2601 764 2680 largimur
785 2601 917 2661 honores

208 2686 411 2763 Iurandasque
433 2695 516 2746 tuum
540 2705 594 2764 per
617 2705 728 2746 numen
752 2688 892 2766 ponimus
913 2704 987 2746 aras

210 2772 258 2831 hil
279 2773 427 2831 oriturum
450 2771 530 2841 alias
555 2771 597 2830 nil
620 2783 717 2832 ortum
740 2771 798 2831 tale
819 2773 957 2833 latentes.

211 2856 269 2916 Sed
292 2866 360 2916 tuus
383 2857 431 2915 hio
453 2856 592 2934 populus,
615 2857 734 2936 sapiens
756 2866 785 2916 et
807 2857 903 2917 iustus
925 2858 954 2915 in
978 2875 1039 2916 uno

212 2941 255 3000 Te
278 2941 390 3001 nostris
413 2940 548 3009 ducibus,
570 2950 600 3001 te
622 2941 706 3002 Grais
729 2943 931 3007 anteferendo,

211 3024 313 3086 Cetera
338 3043 523 3103 nequaquam
546 3027 634 3087 simili
657 3027 771 3086 ratione
793 3026 942 3105 modoque

211 3111 352 3170 Aestimat
376 3119 415 3173 et.
438 3111 493 3171 nisi
517 3130 593 3190 quae
615 3113 704 3172 terris
725 3122 837 3172 semota
860 3112 981 3189 suisque

212 3194 409 3274 Temporibus
430 3196 568 3257 defuncta
589 3198 678 3261 videt.
701 3198 811 3258 lastidit
832 3207 859 3256 et
882 3197 952 3259 odit.

213 3281 262 3340 Sic
284 3283 381 3341 lautor
403 3292 547 3349 veterum,
570 3293 603 3342 ut
624 3282 739 3343 tabulas
760 3301 885 3362 peccare
907 3283 1033 3342 vetantis

213 3365 293 3435 Quas
316 3365 363 3425 his
386 3366 518 3445 quinque
540 3368 593 3427 riri
615 3378 787 3435 sanxerunt,
810 3368 929 3428 foedera
952 3385 1056 3447 regum

127 3461 157 3510 25
213 3450 265 3511 l'el
287 3450 388 3512 Gabiis
408 3452 454 3511 rel
476 3471 543 3513 eum
568 3453 669 3530 rigidis
691 3463 813 3531 aequata
837 3452 964 3515 Sabinis

213 3535 390 3598 Pontificum
412 3536 515 3602 libros.
538 3557 651 3598 annosa
674 3537 822 3598 volumina
844 3549 943 3598 ratum

214 3621 331 3683 [lictitet
352 3622 467 3682 Albano
489 3623 588 3683 llusas
610 3624 640 3682 in
664 3634 766 3683 monte
788 3623 911 3684 locutas.
934 3658 977 3668 -

216 3805 225 3853 l
245 3822 267 3857 a.
286 3809 302 3857 6
320 3808 370 3856 fata
391 3806 476 3856 lientl.
497 3809 502 3871 Ι
528 3810 560 3861 16
578 3808 790 3871 nnmeu1=B⁸:
809 3822 901 3860 nomeu
921 3807 927 3874 Ι
949 3810 979 3859 18
997 3807 1046 3857 hoc
1062 3808 1100 3870 (a)
1115 3805 1202 3858 uenat
