2640 4372
493 177 665 230 cabalaam
683 179 712 230 lll
731 181 771 232 23.
791 182 831 232 24„

252 347 325 410 Nam
350 367 424 426 quae
447 351 534 410 nivali
556 351 685 430 pascitur
707 352 811 430 Algido

179 444 208 494 10
251 435 362 496 Devota
386 453 514 512 quercus
537 435 615 495 inter
637 446 667 496 et
688 436 770 498 ilices

300 520 358 579 Aut
380 522 486 581 crescit
507 520 626 581 Albanis
648 522 678 581 in
701 521 801 582 herbis

351 604 471 664 Victima
493 607 669 684 pontificum
690 607 801 667 securis

254 722 373 784 Cervice
395 724 504 802 tinget:
527 733 556 783 te
579 724 652 784 nibil
673 725 779 784 attinet

254 808 410 886 Temptare
433 809 523 868 multa
547 811 635 869 caede
656 809 821 869 bidentium

179 903 206 953 ta
299 893 408 953 Parvos
431 905 624 954 coronantem
648 895 762 954 marino

353 979 431 1038 Rore
454 978 524 1038 deos
548 979 702 1056 fragilique
724 989 831 1056 myrto.

255 1097 390 1157 Inmunis
412 1115 491 1156 aram
514 1097 538 1157 si
562 1097 657 1174 tetigit
678 1115 793 1168 manus,

255 1181 321 1242 Non
346 1193 516 1260 sumptuosa
540 1181 676 1241 blandior
697 1182 801 1253 hostia,

302 1265 423 1326 blollivit
445 1285 562 1327 aversos
584 1266 702 1327 Penatis

184 1359 213 1409 20
342 1350 432 1410 Farre
455 1352 504 1430 pio
527 1362 556 1411 et
577 1351 700 1411 saliente
722 1351 807 1410 mica.

594 1536 743 1544 ———

620 1671 708 1730 xxiv

259 1789 380 1848 lntactis
403 1789 571 1867 opulentior

304 1873 462 1933 Thesauris
486 1872 614 1932 ‚trabum
638 1882 667 1932 et
689 1873 783 1933 divitis
806 1874 906 1934 lndiae

259 1956 426 2018 Caementis
449 1958 517 2017 licet
540 1976 667 2036 occupes

304 2042 468 2102 Terrenum
493 2061 580 2102 omne
604 2043 661 2103 tuis
683 2052 712 2101 et
734 2060 815 2102 mare
837 2042 999 2121 publicum,

201 2138 215 2186 5
259 2126 289 2186 Si
312 2127 375 2204 tigit
397 2127 600 2188 adamantinos

305 2211 432 2272 Summis
454 2212 613 2272 verticibus
635 2212 697 2271 dira
720 2212 883 2273 Necessitas

260 2295 369 2368 Claros,
394 2316 454 2356 non
479 2298 609 2358 animum
633 2306 721 2369 metu,

304 2381 370 2440 Non
394 2383 498 2442 mortis
520 2382 631 2459 laqueis
654 2381 791 2460 expedies
813 2392 911 2460 caput.

260 2465 444 2544 Campestres
467 2467 570 2527 melius
592 2467 726 2545 Scythae,

188 2559 216 2610 lo
303 2551 434 2621 Quorum
458 2553 587 2631 plaustra
610 2570 694 2629 vagas
718 2553 773 2612 rite
796 2552 919 2611 trabunt
942 2552 1058 2621 domos,

259 2635 366 2695 Virunt
389 2644 418 2695 et
440 2637 524 2715 rigidi
547 2637 647 2708 Getae,

306 2720 450 2780 lnmetata
473 2722 580 2798 quibus
603 2723 702 2799 iugera
724 2720 831 2781 liberas

261 2804 373 2882 Fruges
397 2815 425 2865 et
448 2805 584 2865 Cererem
608 2805 709 2864 lerunt

307 2889 367 2948 Nec
391 2889 504 2949 cultura
527 2890 624 2968 placet
647 2889 763 2969 longior
785 2896 883 2948 an'nua

191 2982 218 3032 15
260 2971 500 3050 Defunctumque
522 2973 672 3034 laboribus

306 3057 428 3134 Aequali
451 3068 565 3117 recreat
586 3070 666 3118 sorte
689 3058 821 3118 vicarius.

261 3139 323 3201 lllic
347 3151 439 3201 matre
462 3140 631 3202 carentibus

308 3225 453 3305 Privignis
476 3228 582 3288 mulier
604 3237 748 3305 temperat
770 3226 916 3286 innocens

260 3309 320 3368 n'ec
344 3310 441 3371 dotata
463 3313 538 3391 regit
559 3312 654 3372 virum

191 3403 219 3452 20
306 3394 441 3456 Coniunx
467 3416 521 3456 nec
544 3397 637 3457 nitido
662 3397 723 3457 tidit
745 3395 892 3455 adultero:

222 3643 298 3695 xxttl
318 3661 341 3697 υ.
363 3647 393 3697 12
412 3647 518 3697 securim
538 3650 573 3710 (a)

220 3710 298 3761 xxiv
318 3728 341 3765 o.
360 3717 376 3765 4
394 3712 542 3778 Terrenum]
566 3714 753 3765 [adelmannus
780 3715 816 3764 ud
832 3713 911 3764 Lucr.
939 3713 947 3764 l
975 3714 1025 3766 360
1054 3710 1089 3773 cf.
1112 3714 1211 3778 Porpb.

134 3779 409 3912 pcqpqsicgqrrpqnum
426 3778 430 3849 Ι
446 3781 587 3847 publicum]
606 3798 621 3831 υ
639 3786 682 3847 (=
700 3783 737 3832 Ba
747 3802 756 3843 ,·
774 3780 962 3832 hartmannus
981 3781 997 3832 1.
1017 3781 1058 3844 1.);
1078 3781 1210 3847 ponticum
