2640 4372
448 164 620 218 CAMMlMUM
637 167 670 218 lV
691 172 730 222 ll.

186 332 262 405 Quid
285 334 377 396 Marte
399 334 526 414 posses?
547 337 639 398 milite
662 357 730 399 nam
753 350 803 401 tuo

187 418 298 482 Drusus
321 420 489 495 Genaunos,
512 422 699 501 implacidum
722 443 825 503 genus,

233 504 427 585 Breunosque
449 506 557 567 velocis
580 517 609 567 et
630 509 706 569 arcis

284 590 407 670 Alpibus
429 592 580 670 impositas
603 592 765 655 tremendis

186 706 296 770 Deiecit
318 727 386 769 acer
409 709 477 789 plus
499 709 562 770 vice
584 709 719 789 simplici.

187 792 279 853 Maior
301 794 454 855 Neronum
479 813 545 854 mox
568 812 656 872 grave
679 795 826 874 proelium

235 877 379 940 Conmisit
400 880 588 958 inmanisque
612 880 718 941 Raetos

285 964 431 1043 Auspiciis
454 966 569 1044 pepulit
590 964 737 1037 secundis,

191 1080 376 1160 Spectandus
398 1082 427 1143 in
452 1083 612 1143 certamine
636 1082 739 1143 Martio

190 1164 298 1228 Devota
320 1168 408 1228 morti
431 1177 551 1246 pectora
574 1166 683 1228 liberae

236 1251 362 1323 Quantis
384 1252 519 1331 fatigaret
541 1252 645 1324 ruinis,

286 1337 448 1398 lndomitas
469 1356 564 1416 prope
587 1337 680 1414 qualis
703 1336 796 1397 undas

191 1451 318 1515 Exercet
337 1456 445 1517 Auster
468 1455 618 1515 Pleiadum
642 1454 734 1515 choro

191 1536 356 1600 Scindente
380 1539 477 1613 nubis,
501 1540 625 1619 impiger
648 1540 777 1600 hostium

240 1623 352 1686 vexare
376 1635 489 1685 turmas
511 1634 540 1684 et
561 1625 737 1684 frementem

289 1709 403 1771 Mittere
427 1728 537 1787 equum
560 1710 672 1770 medios
694 1727 748 1788 per
770 1709 856 1787 ignis.

193 1825 242 1886 Sic
265 1828 444 1890 tauriformis
469 1827 594 1888 volvitur
616 1828 745 1900 Aufidus,

194 1909 252 1981 Qui
274 1931 364 1992 regna
387 1913 481 1973 Dauni
506 1914 640 1991 praefluit
662 1913 759 1991 Apuli,

242 1997 314 2058 Cum
337 1999 427 2059 saevit
449 1998 686 2076 horrendamque
709 1998 795 2060 cultis

292 2082 434 2144 Diluviem
458 2083 615 2143 meditatur
638 2083 724 2162 agris,

200 2200 239 2262 Ul
260 2200 453 2262 barbarorum
476 2201 613 2262 Claudius
635 2201 750 2277 agmina

199 2285 322 2347 Ferrato
343 2296 424 2348 vasto
447 2287 537 2347 diruit
559 2287 670 2365 impetu

245 2371 419 2451 Primosque
442 2381 470 2432 et
493 2380 640 2431 extremos
663 2371 801 2430 metendo

296 2456 403 2518 Stravit
424 2458 547 2517 humum
569 2456 633 2516 sine
657 2456 738 2514 clade
761 2455 860 2527 victor,

198 2572 240 2633 Te
262 2575 371 2654 copias,
394 2583 423 2635 te
445 2574 600 2635 consilium
625 2581 655 2632 et
676 2582 743 2631 tuos

198 2658 361 2720 Praebente
383 2660 473 2720 divos.
517 2660 582 2718 Non
607 2657 658 2717 tibi
681 2675 740 2734 quo
763 2657 809 2716 die

245 2744 353 2805 Portus
374 2745 555 2805 Alexandrea
578 2741 702 2822 supplex

296 2830 333 2889 Et
354 2848 474 2890 vacuam
498 2830 635 2907 patel'ecit
656 2828 762 2898 aulam,

200 2945 330 3007 Fortuna
353 2947 444 3008 lustro
468 2965 611 3027 prospera
633 2947 721 3006 lertio

201 3030 274 3091 Belli
295 3032 442 3093 secundos
466 3032 591 3092 reddidit
613 3032 708 3092 exitus

247 3116 436 3195 Laudemque
459 3127 488 3178 et
510 3126 642 3196 optatum
665 3118 791 3197 peractis

297 3201 432 3281 lmperiis
455 3204 545 3263 decus
567 3202 724 3280 adrogauit.

202 3319 244 3380 Te
267 3318 414 3381 Cantaber
437 3340 499 3381 non
524 3331 591 3380 ante
615 3319 768 3382 domabilis
806 3384 810 3394 ,

203 3404 363 3484 Medusque
386 3416 416 3466 et
437 3406 537 3477 Indus,
561 3415 588 3465 te
610 3406 754 3484 profugus
777 3406 898 3484 Scythes

249 3490 379 3563 Miratur,
404 3511 420 3552 o
443 3492 533 3552 tutela
556 3509 696 3569 praesens

301 3576 398 3636 ltaliae
422 3577 616 3653 dominaeque
639 3577 759 3647 Romae,

74 3727 275 3736 -————-.

161 3841 217 3893 xlv
236 3859 260 3895 υ.
279 3845 311 3894 20
329 3842 468 3894 indomitus
486 3844 520 3905 (υ)
538 3843 623 3894 Beati.
640 3844 692 3910 1'28
711 3844 840 3896 minitatur

127 3924 237 3967 domtus.
