2640 4372
498 202 728 258 EPISTULARUM
746 205 756 256 l
776 206 815 258 18.
1131 205 1190 267 207

206 377 348 440 Esthuic
370 378 516 438 diversum
539 377 607 438 vitio
630 377 730 439 vitium
754 395 848 456 prope
871 377 973 450 maius,
1177 394 1193 444 5

205 464 355 544 Asperitas
377 463 500 541 agrestis
521 474 550 523 et
573 463 754 523 inconcinna
776 461 939 541 gravisque,

204 548 285 619 Quae
309 567 340 610 se
363 549 551 609 commendat
572 557 658 608 tonsa
680 556 756 622 cute,
780 546 919 608 dentibus
941 549 1020 621 atris,

204 634 279 694 bum
302 632 363 694 vult
383 632 504 694 libertas
525 633 582 693 dici
607 650 686 693 mera
709 649 835 710 veraque
858 633 959 694 virtus.

204 718 302 779 Virtus
325 727 369 780 est
391 717 519 779 medium
541 718 677 778 vitiorum
701 727 730 778 et
752 717 901 797 utrimque
924 719 1087 780 reductum.

203 803 285 864 Alter
307 804 338 864 in
362 801 537 882 obsequium
560 803 627 882 plus
649 820 743 881 aequo
766 821 881 882 pronus
903 816 932 865 et
954 804 1004 865 imi
1164 815 1192 868 lt

203 888 323 950 Derisor
344 888 412 949 lecti
434 889 477 950 sic
499 896 605 948 nutum
628 888 723 948 divitis
744 888 857 960 horret,

203 974 251 1035 Sic
274 975 361 1034 iterat
383 992 468 1035 voces
491 983 521 1034 et
541 975 629 1034 verba
651 973 784 1033 cadentia
808 974 891 1048 tollit,

203 1059 240 1119 Ut
261 1077 388 1138 pnernm
410 1077 495 1120 saevo
518 1060 621 1120 credas
642 1059 750 1119 dictata
772 1059 911 1138 magistro

201 1143 336 1206 Reddere
359 1145 403 1204 vel
427 1145 519 1224 partis
541 1145 663 1204 mimum
686 1153 812 1204 tractare
835 1145 995 1217 secundam

201 1228 283 1290 Alter
304 1229 416 1290 rixatur
438 1230 474 1290 de
497 1230 563 1289 lana
585 1247 671 1308 saepe
694 1229 825 1308 caprina,
1164 1242 1190 1293 1⁵

202 1313 374 1395 Propugnat
397 1317 484 1394 nugis
506 1323 635 1375 armatus
657 1314 785 1375 scilicet:
806 1309 858 1374 ‘m
880 1333 941 1374 non

202 1399 245 1461 Sit
267 1400 338 1460 rnibi
361 1401 454 1480 prima
479 1397 572 1460 fides?
595 1408 625 1459 et
643 1391 732 1460 ‘Vere
755 1400 834 1478 quod
858 1401 963 1478 placet,
986 1408 1018 1461 nt
1041 1419 1100 1462 non

202 1484 317 1546 Acriter
339 1483 481 1546 elatremi
503 1485 631 1564 pretium
654 1492 733 1545 aetas
755 1486 844 1545 altera
867 1476 984 1545 sordet.³

200 1569 367 1648 Ambigitur
391 1571 460 1650 quid
484 1567 587 1629 enim‘l
631 1568 734 1631 Castor
756 1569 828 1631 sciat
850 1587 886 1630 an
912 1569 1021 1631 Docilis
1043 1571 1121 1650 plus,

199 1655 388 1716 Brundisium
412 1656 523 1716 Minuci
545 1655 651 1716 melius
673 1655 717 1714 via
740 1655 829 1715 ducat
850 1673 886 1714 an
911 1656 996 1734 Appi.
1020 1688 1063 1701 -
1161 1668 1190 1720 20

201 1739 296 1810 Quem
319 1741 459 1801 damnosa
481 1741 589 1812 Venus,
613 1758 702 1818 quem
725 1758 868 1819 praeceps
891 1739 953 1800 alea
977 1740 1077 1814 nudat,

201 1824 298 1886 Gloria
321 1844 410 1904 quern
433 1844 522 1905 snpra
544 1826 614 1887 viris
636 1835 667 1886 et
687 1826 773 1886 vestit
796 1834 826 1886 et
848 1825 941 1903 ungit,

200 1910 294 1981 Quem
317 1919 399 1971 tenet
420 1911 533 1990 argenti
556 1910 619 1971 sitis
641 1911 811 1989 importuna
834 1911 994 1988 lamesque‚

200 1996 295 2067 Quem
320 1998 501 2075 paupertatis
523 1996 620 2076 pudor
642 2005 672 2057 et
694 1996 773 2074 luga,
796 1996 875 2056 dives
897 1996 1017 2068 amiens,

201 2081 295 2160 Saepe
318 2082 419 2142 decem
442 2081 518 2142 vitiis
541 2082 722 2164 instructior,
746 2081 806 2142 odit
830 2090 859 2142 et
881 2082 984 2142 horret
1160 2093 1190 2144 to

199 2169 265 2240 Aut,
289 2166 314 2228 si
337 2186 398 2227 non
422 2167 492 2240 odit,
515 2168 592 2247 regit
613 2185 647 2229 ac
668 2168 757 2229 veluti
780 2169 827 2247 pia
850 2176 943 2227 mater

200 2251 269 2313 Plus
291 2270 378 2331 quam
402 2272 433 2314 se
455 2271 559 2332 sapere
582 2262 611 2314 et
632 2253 788 2314 virtutibus
811 2271 875 2313 esse
897 2252 1026 2332 priorem

198 2336 266 2398 Volt
287 2345 317 2398 et
338 2337 378 2397 ait
400 2355 495 2417 prope
516 2355 599 2398 vera:
620 2331 716 2398 ‘meac
739 2371 752 2382 ·
776 2336 960 2398 contendere
983 2337 1043 2397 noli
1066 2371 1080 2383 -

197 2421 355 2482 Stultitiam
378 2423 533 2502 patiuntur
555 2441 644 2500 opes;
667 2422 720 2481 tibi
743 2422 861 2499 parvola
884 2439 932 2481 res
954 2432 1012 2481 est:

197 2509 267 2568 Arta
290 2509 376 2569 decet
397 2525 501 2568 sanum
525 2506 663 2567 comitem
686 2515 769 2584 toga3
793 2504 895 2565 desine
916 2523 1033 2565 mecum
1159 2519 1189 2569 30

198 2588 338 2653 Gertare'.
383 2591 568 2671 Eutrapelus,
592 2591 769 2669 cuicumque
792 2607 901 2650 nocere
922 2589 1047 2665 volebat,

198 2677 378 2739 Vestimenta
401 2677 488 2738 dabat
509 2676 653 2756 pretiosa;
676 2675 780 2737 beatus
802 2674 881 2736 enim
904 2674 960 2734 iam

197 2761 272 2824 Cum
293 2763 426 2843 pulchris
447 2761 556 2823 tunicis
579 2771 676 2824 sumet
700 2779 773 2822 nova
796 2759 919 2822 consilia
942 2767 971 2819 et
992 2778 1068 2838 spes,

196 2848 330 2909 Dormiet
352 2848 382 2909 in
406 2848 514 2922 lucem,
535 2855 634 2908 scorto
657 2856 819 2926 postponet
840 2847 998 2906 honestum

198 2933 345 3006 Officium,
371 2952 508 2994 nummos
531 2934 642 2994 alienos
665 2943 775 3012 pascet,
799 2932 834 2992 ad
856 2932 948 2991 imum
1159 2942 1189 2992 aa

198 3017 313 3080 Thraex
336 3019 392 3080 erit
413 3027 465 3080 aut
485 3019 621 3080 holitoris
643 3026 710 3097 aget
731 3017 867 3078 mercede
889 3014 1042 3077 caballum.
1067 3049 1106 3059 -

196 3104 346 3165 Arcanum
370 3122 467 3183 neque
490 3113 522 3165 tn
546 3103 726 3165 scrutaberis
748 3102 826 3163 illius
848 3119 998 3180 nmquam,

197 3187 445 3268 Conmissumque
468 3198 550 3267 teges
573 3199 601 3249 et
623 3189 691 3249 vino
714 3195 811 3249 tortus
834 3195 863 3248 et
884 3187 936 3247 ira.

197 3273 257 3335 Nec
280 3283 329 3336 tua
352 3274 484 3335 laudabis
507 3275 601 3336 studia
624 3283 674 3334 aut
695 3273 790 3334 aliena
812 3271 984 3351 reprendes,

197 3358 268 3434 Nec,
291 3378 358 3421 cum
382 3360 482 3420 venari
505 3359 582 3420 volet
603 3359 661 3432 illo,
686 3367 820 3438 poemata
844 3374 963 3436 panges.
1037 3371 1040 3376 ·
1159 3366 1189 3416 tt)

198 3443 297 3506 Gratia
319 3445 362 3506 sic
384 3446 507 3505 fratrum
531 3445 729 3522 geminorum,
752 3442 927 3522 Amphionis
948 3451 1037 3520 atque

115 3591 301 3607 ᾕ-

198 3694 274 3746 XVlll
301 3712 325 3748 a.
360 3699 391 3748 15
422 3695 527 3758 rixatur]
553 3713 582 3747 a:
609 3695 706 3746 rixatus
727 3694 766 3746 Βιι
792 3698 817 3744 et
839 3695 907 3744 altor
930 3693 953 3742 B
976 3691 1072 3742 rixator
1100 3691 1188 3743 Mure-

113 3763 173 3825 tort
192 3766 223 3816 16
242 3772 367 3816 armatus:
382 3755 494 3815 ‘scilicet
512 3767 540 3815 ut
557 3765 593 3815 αἱ.
608 3764 613 3827 1
631 3766 659 3815 ll
674 3761 738 3815 fides
750 3768 776 3815 et
793 3777 853 3814 vere
865 3762 899 3814 al.
916 3758 921 3830 Ι
938 3763 969 3814 lli
982 3758 1077 3810 Dolicis
1092 3761 1127 3824 (v)
1140 3760 1189 3812 llo·

111 3828 528 3952 ῧίἰῒιιῗίἷᾝϋέωΜἨμαθίῃ.
556 3824 886 3898 Eutrapelus-caballum.³
905 3827 957 3880 Aa
979 3828 984 3895 Ι
1011 3828 1041 3878 37
1061 3827 1188 3895 illius](v)
