2640 4372
501 217 732 271 EPISTULARUM
749 219 770 271 ll
789 223 811 272 l.
1128 214 1187 274 217

206 391 345 460 Securus,
369 391 451 452 cadat
474 410 510 451 an
534 404 616 453 recto
639 402 695 453 stet
719 391 815 452 labula
838 392 906 451 talo.

206 480 299 545 Quem
322 477 388 537 tulit
410 477 446 537 ad
468 495 603 537 scaenam
626 487 748 537 ventoso
772 476 871 537 Gloria
894 494 994 548 curru,

206 559 359 621 Exanimat
381 563 479 623 lentus
500 572 659 640 spectator,
683 563 801 623 sedulus
823 561 919 622 inllat:

206 645 253 705 Sic
276 647 347 720 leve,
369 647 411 708 sic
435 665 556 725 parvum
579 660 633 719 est,
656 647 787 706 animum
810 646 888 724 quod
912 646 1004 707 laudis
1026 664 1142 707 ararum

206 730 329 792 Subruit
351 743 400 793 aut
423 732 525 792 relicit.
570 732 669 792 Valeat
691 751 738 792 res
761 732 881 806 ludicra,
903 732 927 791 si
950 750 997 792 me
1150 741 1192 792 180

206 815 303 878 Palma
327 827 432 894 negata
455 835 595 890 macrum,
619 818 725 878 donata
749 817 863 878 reducit
883 816 1023 896 opimum.
1046 851 1087 862 -

206 902 300 981 Saepe
323 902 409 963 etiam
431 903 569 962 audacem
594 904 675 980 lugat
697 903 753 962 hoc
775 912 927 979 terretque
951 911 1076 980 poetam,

207 986 292 1056 Quod
316 1006 440 1047 numero
463 987 572 1066 plures,
594 988 701 1048 virtute
724 988 889 1048 ethonore
912 987 1050 1059 minores,

205 1070 320 1132 Inducti
341 1071 498 1150 stolidique
522 1084 551 1132 et
572 1073 743 1152 depugnare
766 1072 868 1150 parati,

206 1156 236 1216 si
259 1157 406 1218 discordet
427 1176 528 1236 eques,
550 1158 646 1218 media
668 1159 746 1218 inter
768 1157 897 1217 carmina
922 1166 1050 1236 poscunt
1150 1165 1191 1215 185

205 1248 387 1303 antorsum
410 1252 460 1303 aut
482 1244 613 1322 pugiles;
638 1243 682 1302 his
705 1260 771 1303 nam
796 1242 948 1321 plebecula
969 1241 1085 1318 gaudet.

208 1325 313 1386 Verum
336 1329 442 1406 equitis
465 1347 585 1407 quoque
607 1328 663 1387 iam
687 1327 821 1406 migravit
842 1327 878 1386 ab
902 1344 972 1387 aure
995 1326 1128 1405 voluptas

207 1411 309 1473 Omnis
332 1413 367 1474 ad
390 1413 519 1474 incertos
542 1413 645 1473 oculos
667 1423 697 1472 et
718 1412 821 1491 gaudia
846 1428 933 1471 vana:

206 1495 351 1566 Quattuor
374 1510 423 1557 aut
445 1499 539 1577 pluris
562 1498 662 1559 aulaea
686 1507 864 1576 premuntur
887 1497 915 1557 in
940 1496 1037 1567 horas,

206 1581 282 1642 Dum
305 1583 424 1659 lugiunt
445 1584 578 1662 equitnm
600 1593 714 1642 turmae
738 1582 928 1662 peditumque
948 1591 1096 1655 catervae;
1149 1589 1193 1640 tao

206 1665 273 1728 Mox
295 1668 421 1728 trahitur
443 1669 580 1729 manibus
602 1686 704 1746 regum
727 1669 847 1727 fortuna
869 1666 998 1738 retortis,

206 1750 315 1814 Esseda
338 1753 489 1824 festinant,
512 1754 631 1832 pilenta,
655 1753 808 1830 petorrita,
831 1769 929 1826 naves,

207 1836 358 1917 Captivum
382 1848 516 1917 portatur
538 1838 622 1912 ebur,
645 1838 757 1916 captiva
780 1835 948 1897 Corinthus.

207 1923 237 1982 Si
260 1924 338 1984 loret
360 1923 389 1983 in
415 1924 510 1996 terris,
532 1923 649 2007 rideret,
663 1922 858 1997 Democritus,
882 1941 934 1982 seu

207 2007 359 2069 Diversum
384 2008 507 2070 confusa
530 2027 624 2087 genus
647 2008 790 2087 panthera
814 2007 925 2067 camelo

208 2093 273 2155 Sive
296 2094 415 2172 elephas
437 2093 520 2155 albus
542 2094 619 2172 volgi
642 2103 829 2155 converteret
852 2112 912 2166 ora,

207 2178 360 2257 Spectaret
382 2181 525 2260 populum
548 2179 625 2241 ludis
648 2179 788 2240 attentius
811 2179 882 2258 ipsis

206 2262 244 2324 Ut
266 2264 322 2325 sibi
345 2265 538 2343 praebentem
561 2265 651 2325 nimio
674 2265 842 2343 spectacula
867 2263 960 2342 plura,

206 2348 374 2427 Scriptores
396 2360 493 2410 autem
518 2367 639 2408 narrare
662 2359 779 2427 putaret
800 2348 889 2408 asello

206 2432 353 2493 Fabellam
377 2434 476 2493 surdo.
522 2434 595 2492 Nam
619 2452 693 2510 quae
715 2432 889 2510 pervincere
911 2449 999 2491 voces
1152 2440 1195 2491 1110

207 2517 350 2579 Evalnere
373 2536 488 2588 sonum,
512 2518 646 2578 referunt
669 2535 756 2595 quem
781 2525 883 2577 nostra
906 2511 1040 2576 theatra?

207 2603 375 2682 Garganum
398 2602 512 2679 mugire
536 2612 621 2680 putes
645 2620 750 2661 nemus
771 2611 822 2661 aut
844 2618 924 2659 mare
947 2599 1087 2672 Tuscum,

207 2689 301 2749 Tanto
324 2706 391 2748 cunr
414 2686 539 2766 strepitu
562 2687 621 2747 ludi
645 2695 817 2765 spectantur
840 2696 869 2745 et
891 2695 970 2745 artes

206 2773 388 2851 niviumque
412 2771 597 2853 peregrinae,
620 2772 727 2850 quibus
750 2771 859 2831 oblitus
881 2780 963 2830 actor

208 2858 280 2919 Cum
304 2860 384 2919 stetit
405 2859 436 2919 in
459 2877 575 2929 scaena,
599 2857 752 2917 concurrit
774 2857 893 2916 dextera
916 2855 1023 2914 laevae.
1152 2864 1194 2914 205

207 2942 286 3004 Dixit
307 2945 402 3004 adhuc
425 2939 556 3022 aliquid?
601 2942 647 3002 Nil
669 2961 750 3002 sane.
795 2941 873 3012 Quid
897 2934 1109 3019 placet'ergo?

207 3029 287 3089 Lana
310 3029 472 3090 Tarentino
496 3028 585 3088 riolas
606 3027 718 3087 imitata
740 3046 866 3087 veneno.
889 3059 930 3070 —

208 3117 250 3174 ho
274 3134 311 3174 ne
334 3116 409 3175 lorte
434 3126 518 3194 putes
541 3132 597 3185 me,
622 3131 696 3190 quae
718 3114 815 3172 lacere
838 3111 901 3190 ipse
923 3128 1067 3182 recusem,

208 3197 281 3259 Cum
304 3211 383 3260 recte
407 3209 534 3260 tractent
555 3198 612 3271 alii,
636 3198 754 3258 laudare
776 3197 920 3274 maligne:

208 3283 259 3344 llle
284 3303 336 3362 per
359 3295 508 3351 extentum
532 3285 634 3343 lunem
658 3283 728 3344 mihi
752 3300 838 3360 posse
861 3282 976 3341 videtur
1153 3287 1196 3338 rto

209 3368 254 3429 lre
278 3379 373 3447 poeta,
397 3388 493 3429 meum
518 3368 567 3446 qui
592 3378 694 3447 pectus
717 3368 846 3428 inaniter
868 3366 960 3444 angit,

209 3453 322 3524 luritat,
346 3453 464 3527 mulcet,
488 3453 566 3514 lalsis
588 3453 753 3514 terroribus
775 3452 878 3530 implet

209 3538 246 3599 Ut
268 3557 381 3617 magus,
405 3549 433 3599 et
456 3540 543 3599 modo
567 3557 614 3598 me
637 3539 754 3611 Thebis,
779 3539 865 3598 modo
888 3535 974 3615 ponit
996 3533 1126 3594 Athenis.

212 3773 262 3823 lo.
284 3776 331 3826 186
350 3770 453 3837 gaudet]
473 3788 486 3821 o
505 3771 554 3822 13⁰:
574 3773 679 3838 plaudet
697 3790 711 3823 v
730 3772 829 3839 plaudit
846 3775 880 3837 (u)
907 3772 911 3836 Ι
939 3771 987 3822 196
1011 3768 1165 3819 conuerterit
1190 3765 1193 3834 l

127 3842 175 3895 198
194 3842 391 3908 nimio]=-·B“:
414 3839 492 3891 mimo
516 3842 520 3906 Ι
549 3842 598 3893 tot
617 3841 715 3892 obsitus
735 3840 860 3907 Gupetus,
878 3839 1046 3891 Eukrteim'uc
1073 3836 1077 3903 Ι
1102 3837 1151 3888 213
1171 3842 1197 3886 et

122 3923 214 3976 magns
232 3916 261 3960 ut
278 3913 311 3962 ci.
329 3909 378 3961 ΑΚ
