2640 4372
447 248 452 259 .
480 202 710 256 EPISTULARUM
728 205 738 257 l
756 207 779 258 2.
1107 209 1164 268 187

179 375 231 438 Cui
253 375 411 455 pulchrum
434 376 490 436 fuit
513 377 544 437 in
567 376 680 438 medios
702 377 831 439 dormire
854 378 915 440 dies
939 389 968 439 et
1138 394 1167 444 aa

178 459 221 522 Ad
242 461 398 539 strepitum
422 461 551 522 citharae
574 472 719 523 cessatum
743 464 852 524 ducere
874 483 1022 526 somnum.
1048 502 1088 512 -

178 545 215 607 Ut
235 545 372 625 iugulent
393 546 555 620 bominem,
577 556 705 626 surgunt
727 547 763 607 de
786 558 874 609 nocte
897 549 1036 617 latrones,

177 630 216 692 Ut
236 639 265 692 te
287 631 383 709 ipsum
405 649 512 703 serves,
535 650 596 692 non
621 631 855 711 expergisceris?
878 636 958 712 atqui

178 715 207 777 si
231 715 315 777 noles
336 734 435 787 sanus,
458 734 561 778 curres
583 717 773 796 hydropicus,
796 727 826 778 et
848 719 880 778 ni

176 800 285 863 Posces
307 811 376 862 ante
399 801 477 862 diem
498 800 606 862 librum
629 820 697 862 cum
721 803 843 876 lumine,
866 804 890 864 si
914 823 974 865 oon
1135 819 1164 870 55

176 884 316 949 lotendes
339 887 469 947 animum
491 887 595 948 studiis
618 896 647 946 et
670 887 759 948 rebus
781 889 923 955 honestis.

175 971 284 1033 Invidia
307 972 353 1031 vei
375 990 475 1032 amore
499 972 566 1049 vigil
588 973 777 1050 torquebere.
821 972 893 1033 Nam
918 993 980 1045 cur,

175 1055 256 1128 Quae
279 1057 399 1118 laedunt
421 1056 550 1130 oculum,
572 1057 693 1118 festinas
717 1057 844 1131 demere,
867 1059 962 1137 siquid

174 1140 228 1203 Est
248 1143 390 1214 animum,
413 1142 513 1202 differs
535 1143 658 1203 curandi
680 1151 797 1221 tempus
820 1143 850 1202 in
875 1143 1011 1205 annum?

175 1227 331 1288 Dimidium
355 1226 422 1287 facti
445 1227 495 1303 qui
519 1227 617 1305 coepit
639 1227 743 1302 babet3
766 1247 870 1306 sapere
893 1231 976 1305 aude,
1133 1243 1162 1292 tt

173 1311 283 1392 incipe.
329 1311 449 1372 Virendi
473 1312 522 1391 qui
547 1323 627 1372 recte
651 1323 791 1390 prorogat
812 1314 926 1391 boram,

118 1423 120 1426 ’
173 1395 313 1459 Rusticus
335 1406 492 1475 exspectat,
515 1397 584 1457 dum
608 1397 717 1458 defluat
738 1399 849 1473 amois;
872 1399 971 1459 atille

173 1480 295 1543 Labitur
317 1491 346 1542 et
367 1480 483 1543 labetur
504 1482 534 1541 in
559 1501 648 1543 omne
669 1482 806 1543 volubilis
828 1502 941 1544 aerum.
964 1521 1006 1532 -

172 1567 332 1637 Quaeritur
353 1576 509 1644 argentum
532 1567 691 1646 puerisque
714 1565 798 1628 beata
821 1569 956 1630 creandis

172 1650 252 1713 Uxor
274 1661 302 1713 et
323 1652 452 1712 incultae
474 1662 619 1731 pacantur
639 1670 757 1712 vomere
780 1654 884 1726 silvae;
1131 1666 1160 1716 45

171 1735 257 1808 Quod
279 1738 349 1799 satis
372 1745 417 1798 est
438 1738 485 1798 cui
508 1737 664 1816 contingit,
688 1736 762 1798 nibil
783 1739 908 1817 amplius
931 1748 1022 1818 optet.

170 1820 236 1884 Non
260 1823 364 1884 domus
386 1831 415 1884 et
436 1823 556 1895 fundus,
581 1841 640 1882 noo
665 1823 740 1884 aeris
763 1841 884 1885 acervus
907 1833 935 1884 et
956 1825 1020 1885 auri

169 1910 299 1988 Aegroto
322 1907 434 1969 domini
457 1908 576 1968 deduxit
598 1926 725 1986 corpore
747 1908 847 1981 febris,

169 1991 234 2053 Non
259 1993 357 2053 animo
381 2011 483 2066 curas;
505 1993 599 2053 valeat
620 2011 774 2071 possessor
795 2005 922 2074 oportet,

170 2077 199 2138 Si
222 2078 415 2157 comportatis
436 2079 526 2139 rebus
548 2079 625 2139 bene
648 2079 757 2157 cogitat
779 2079 832 2140 uti.
1129 2091 1158 2140 50

169 2161 226 2234 Qui
249 2162 331 2243 cupit
352 2171 403 2224 aut
424 2164 538 2238 metuit,
560 2164 639 2224 iuvat
661 2163 742 2224 ilium
765 2165 807 2226 sic
830 2166 933 2226 domus
956 2176 986 2226 et
1008 2185 1064 2237 res,

170 2246 207 2309 Ut
228 2248 342 2328 bppum
365 2249 460 2328 pictae
483 2249 607 2323 tabulae,
631 2250 761 2310 fomenta
784 2252 953 2330 podagram,

169 2332 323 2394 tuniculas
346 2334 473 2395 citharae
496 2334 617 2395 collecta
640 2335 727 2393 sorde
750 2334 887 2395 dolentis.

169 2416 326 2480 Sinccrum
349 2429 393 2480 est
416 2419 470 2478 nisi
494 2437 551 2490 vas,
575 2419 782 2496 quodcumque
805 2418 937 2479 infundis
960 2420 1083 2495 acescit;

167 2502 282 2583 Sperne
304 2502 483 2582 voluptates:
507 2514 595 2563 nocet
616 2511 713 2580 empta
736 2502 836 2562 dolore
859 2503 1007 2581 voluptas3
1127 2515 1157 2564 55

168 2587 291 2669 Semper
312 2607 415 2650 avarus
439 2597 519 2667 aget:
544 2595 657 2648 certum
680 2595 747 2647 voto
770 2596 837 2665 pete
860 2589 964 2662 finem;

168 2673 287 2735 Invidus
308 2673 429 2735 alterius
450 2673 607 2734 macrescit
628 2671 716 2733 rebus
740 2671 854 2750 opimis,

168 2758 276 2820 Invidia
300 2758 389 2820 Siculi
413 2778 474 2819 noo
498 2759 638 2820 invenere
660 2757 779 2837 tyranni

168 2843 260 2904 Maius
282 2853 473 2905 tormentum.
519 2842 575 2913 Oui
598 2862 658 2903 non
683 2842 884 2903 moderabitur
906 2842 975 2914 irae,

167 2927 311 2989 lofectum
334 2929 412 2990 volet
433 2947 497 2990 esse
519 2929 605 2989 dolor
626 2929 704 3006 quod
728 2927 854 2989 suaserit
875 2936 905 2988 et
927 2947 1020 2998 mens,
1126 2940 1156 2989 60

168 3013 243 3073 Dum
265 3033 377 3093 poenas
400 3014 467 3074 odio
491 3014 623 3093 pervim
646 3013 765 3074 festinat
787 3013 893 3074 inulto.

167 3097 211 3158 ira
234 3099 319 3160 furor
340 3100 436 3160 brevis
459 3108 517 3174 est3
542 3099 672 3159 animum
696 3117 775 3177 rege,
799 3098 849 3177 qui
873 3096 928 3158 nisi
951 3107 1043 3174 paret,

165 3182 308 3262 Imperat;
330 3185 411 3245 hunc
435 3185 534 3258 irenis,
557 3185 638 3244 hunc
661 3193 692 3243 tu
715 3201 870 3262 compesce
893 3190 1005 3242 catena.
1028 3217 1069 3226 —

165 3267 265 3347 Fingit
286 3288 394 3348 equum
417 3279 520 3330 tenera
543 3269 667 3329 docilem
692 3266 804 3328 c'crvice
828 3268 966 3346 magister

97 3387 285 3396 --—.-—

166 3469 185 3520 ll
203 3485 226 3521 υ.
246 3471 276 3523 31
291 3473 416 3521 cessatum
430 3469 521 3521 ducere
534 3472 661 3532 somnum]
673 3469 710 3519 ΒΟ
721 3471 771 3533 (viz
791 3473 917 3521 cessatum
930 3468 1021 3519 ducere
1034 3483 1119 3520 curam
1139 3485 1154 3519 o

97 3543 223 3590 essentem
246 3537 338 3589 ducere
357 3536 479 3589 Somnum
498 3539 583 3589 Beati.
611 3540 615 3602 Ι
642 3540 674 3589 32
694 3537 810 3589 homines
836 3537 840 3600 Ι
867 3538 898 3586 33
923 3545 1000 3602 atque
1020 3538 1062 3599 (=
1079 3537 1150 3600 But

99 3609 114 3658 4
132 3606 199 3657 nolis
217 3607 253 3670 (a)
268 3605 273 3672 Ι
289 3620 361 3657 cures
379 3607 413 3669 (a)
429 3609 433 3667 i
449 3607 481 3658 38
500 3606 608 3669 oculos}
630 3605 722 3672 siquod
740 3606 775 3668 (o)
796 3605 800 3669 Ι
822 3607 852 3657 41
874 3605 916 3671 qui
936 3609 1004 3653 recte
1022 3603 1125 3654 uiuendi
1147 3601 1150 3669 4

99 3677 112 3727 8
131 3674 228 3726 febrem
246 3677 282 3736 (o)
298 3675 301 3738 Ι
318 3675 350 3725 52
364 3678 476 3725 tomenta
489 3674 662 3735 Bremenium
682 3673 714 3724 M
722 3675 812 3738 (187⁴st
829 3673 899 3724 stud.
913 3672 977 3721 Hor.
991 3669 1048 3722 radi.
1064 3671 1107 3723 Gr.
1121 3671 1152 3722 H.

99 3742 108 3794 1
127 3744 241 3808 Ίθ8εᾳ.);
264 3745 291 3794 P.
310 3741 437 3792 Albrecbt
452 3741 544 3806 philol.
565 3741 835 3806 Untaraucbungenl
856 3743 869 3792 1
888 3740 1047 3805 (Hamburgi
1069 3742 1154 3803 tata),

97 3850 103 3861 .
124 3813 152 3864 11
168 3826 237 3875 aqq.;
260 3809 373 3861 lamenta
391 3808 459 3861 fleca.
479 3810 581 3861 chow
600 3811 632 3860 da
650 3810 713 3862 Hor.
731 3825 770 3875 ep.
788 3808 798 3859 1
817 3811 832 3863 3
850 3808 1008 3868 (Zdllicbae.
1032 3824 1056 3858 a.
1077 3810 1154 3871 1858)

98 3918 105 3931 .
123 3881 139 3930 9
155 3879 159 3944 i
176 3877 316 3944 podagrum
334 3880 369 3942 (o)
387 3879 471 3928 Beati.
488 3881 491 3942 Ι
508 3881 540 3931 59
559 3879 620 3929 iram
639 3879 673 3941 (o)
689 3880 692 3941 i
709 3879 740 3929 63
759 3877 856 3928 catenis
874 3879 909 3941 (a)
