2640 4372
528 217 717 270 Sh'l'thRUld
733 218 754 270 ll
771 222 795 272 l.

208 391 270 452 Ede
293 391 421 451 hominis
444 409 563 462 nomen,
586 391 674 452 simul
697 399 734 463 et,
757 391 907 451 Romanus
929 410 966 452 an
990 393 1106 472 hospes.

209 470 287 555 ‘lpsa
311 493 426 536 memor
447 488 603 554 praecepta
628 494 739 548 canam,
764 475 910 535 celabitur
930 487 1042 538 auctor.

210 560 312 638 Longa
336 561 443 640 quibus
465 561 554 621 facies
576 561 638 621 ovis
660 562 726 632 erit,
749 560 797 620 illa
820 571 980 634 memento,

210 646 249 707 Ut
270 647 333 706 suci
357 646 486 706 melioris
508 655 538 705 et
560 654 593 705 ut
614 646 706 723 magis
728 645 804 705 alma
826 647 973 720 rotundis,

210 731 342 805 Ponere;
366 749 494 808 namque
517 748 629 790 marem
651 730 791 791 cohibent
812 731 919 792 callosa
942 732 1081 793 vitellum.

212 816 281 877 Cole
304 815 476 877 suburbano
500 817 549 894 qui
572 816 658 877 siccis
680 816 771 875 crevit
792 816 822 876 in
846 817 923 895 agris

212 901 341 972 Dulcior,
365 901 483 981 inriguo
508 902 580 961 nihil
603 911 649 961 est
670 901 777 961 elutius
800 901 896 961 horto.

212 986 243 1046 Si
265 987 452 1065 vespertinus
474 987 571 1047 subito
594 994 623 1046 te
647 986 827 1064 oppresserit
849 987 967 1066 hospes,

210 1073 253 1133 Ne
277 1073 382 1150 gallina
406 1072 513 1132 malum
537 1080 694 1150 responset
715 1071 787 1130 dura
812 1071 917 1149 palato,

211 1158 323 1218 Doctus
345 1157 402 1216 eris
423 1157 516 1216 vivam
539 1165 637 1217 musto
660 1174 790 1216 mersare
813 1155 956 1231 Falerno;

213 1243 278 1302 Hoc
300 1252 433 1302 teneram
456 1242 551 1302 faciet.
596 1240 788 1301 Pratensibns
811 1243 921 1320 optima
944 1244 1044 1323 longis

211 1327 320 1387 Natura
343 1336 399 1399 est,
421 1326 484 1387 aliis
506 1326 581 1386 male
603 1326 741 1386 creditur.
786 1325 838 1386 llle
860 1328 986 1389 salubris

212 1414 344 1473 Aestates
366 1421 496 1490 peraget
519 1412 569 1491 qui
593 1411 686 1490 nigris
709 1409 830 1489 prandia
852 1413 943 1473 moris

211 1497 318 1569 Finiet,
341 1507 409 1557 ante
432 1515 549 1576 gravem
572 1515 648 1575 qnae
670 1496 773 1575 legerit
795 1495 901 1557 arbore
923 1498 1026 1559 solem.

212 1583 345 1643 Aufidius
368 1583 435 1642 lorti
458 1583 600 1643 miscebat
621 1581 706 1643 mella
730 1580 868 1640 Falerno:

213 1669 364 1739 Mendose,
388 1669 527 1746 quoniam
551 1669 649 1728 vacuis
671 1667 847 1727 conmittere
870 1668 951 1728 venis

212 1753 260 1813 Nil
283 1753 340 1813 nisi
362 1753 430 1813 lene
453 1754 552 1824 decet;
576 1753 635 1813 leni
658 1751 829 1831 praecordia
853 1752 947 1812 mulso

215 1838 364 1899 Prolueris
387 1838 501 1899 melius.
547 1838 576 1898 Si
600 1839 672 1898 dura
696 1835 859 1897 morabitur
880 1837 971 1908 alvus,

213 1923 334 1984 blitulus
356 1932 385 1982 et
406 1923 478 1984 viles
500 1923 611 2002 pellent
634 1922 780 1982 obstantia
802 1922 934 1981 conchae

213 2006 250 2067 Et
272 2007 381 2086 lapathi
404 2008 500 2067 brevis
523 2007 623 2080 herba,
647 2009 697 2068 sed
719 2006 785 2066 albo
810 2025 870 2066 non
894 2008 959 2067 sine
983 2007 1053 2070 Coo.

215 2091 341 2153 Lubrica
365 2102 522 2152 nascentes
545 2093 669 2170 implent
691 2091 844 2170 conchylia
866 2091 963 2165 lunae,

215 2177 271 2238 Sed
296 2195 357 2236 non
382 2194 469 2236 omne
492 2195 573 2236 mare
596 2185 641 2236 est
662 2195 823 2255 generosae
845 2177 940 2238 fertile
964 2187 1070 2239 testae:

215 2260 326 2322 Murice
349 2261 459 2321 Baiano
483 2262 586 2321 melior
609 2261 736 2322 Lucrina
760 2262 878 2340 peloris,

216 2346 320 2407 Ostrea
344 2347 473 2417 Circeiis,
497 2347 609 2407 bliseno
634 2347 771 2406 oriuntur
795 2347 901 2415 echini,

216 2432 386 2493 Pectinibus
409 2433 517 2512 patulis
539 2432 626 2492 iactat
647 2451 678 2493 se
701 2432 787 2491 molle
810 2432 979 2491 Tarentum.
1002 2466 1045 2476 -

142 2529 152 2541 '
214 2517 274 2578 Nec
297 2516 352 2578 sibi
375 2537 515 2578 cenarum
540 2519 633 2596 quiris
655 2527 764 2577 temere
787 2517 908 2594 adroget
930 2526 1032 2590 artem,

216 2603 283 2664 Non
307 2603 389 2681 prius
411 2615 511 2663 exacta
534 2604 616 2663 tenui
640 2603 753 2662 ratione
776 2619 925 2679 saporum.

217 2689 277 2748 Nec
300 2689 369 2748 satis
392 2698 444 2759 est,
468 2706 534 2748 cara
557 2688 644 2767 piscis
666 2705 801 2746 averrere
824 2704 925 2746 mensa

218 2773 367 2852 Ignarum,
391 2772 498 2851 quibus
521 2773 631 2833 estius
654 2773 749 2852 aptius
772 2781 801 2830 et
824 2770 932 2849 quibus
955 2770 1027 2833 assis

219 2857 390 2936 Languidus
412 2858 442 2916 in
466 2857 599 2917 cubitum
621 2859 677 2916 iam
700 2875 732 2917 se
755 2857 876 2916 conviva
899 2864 1033 2934 reponet.

223 2942 332 3002 Umber
354 2952 383 3001 et
406 2942 495 3019 iligna
519 2943 648 3002 nutritus
669 2943 774 3021 glande
796 2941 938 3002 rotundas

221 3026 327 3087 Currat
349 3045 419 3105 aper
442 3027 534 3087 lancis
557 3045 675 3087 carnem
698 3027 815 3086 vitantis
838 3027 979 3086 inertem:

221 3111 293 3170 uam
317 3111 451 3171 Laurens
474 3111 568 3171 malus
590 3121 644 3184 est,
667 3112 741 3172 ulvis
763 3120 792 3170 et
813 3111 981 3171 harundine
1003 3112 1120 3191 pinguis

221 3195 311 3255 Vinea
333 3195 479 3256 submittit
501 3215 621 3275 capreas
643 3216 704 3256 non
728 3215 844 3274 semper
867 3196 970 3257 edulis.

221 3279 376 3340 Fecundae
399 3281 508 3359 leporis
531 3282 648 3361 sapiens
671 3281 832 3343 sectabitur
853 3299 959 3341 armos.

222 3364 354 3426 Piscibus
375 3374 464 3444 atque
485 3366 587 3427 avibus
610 3386 684 3444 quae
709 3377 812 3426 natura
834 3375 863 3425 et
885 3368 962 3426 leret
983 3374 1072 3438 aetas,

221 3449 297 3509 Ante
319 3468 419 3511 meum
444 3452 516 3511 nulli
540 3453 633 3529 patuit
655 3453 784 3529 quaesita
808 3452 944 3530 palatum.

218 3632 250 3683 lV
270 3649 293 3683 v.
317 3635 345 3685 tl
364 3633 420 3699 ipse
437 3635 471 3697 ΙυΙ
487 3635 491 3697 Ι
508 3634 677 3686 celebrabitur
689 3636 724 3699 (υ)
740 3635 744 3700 Ι
761 3637 791 3686 13
804 3635 879 3698 alma]
893 3636 992 3688 Bentl:
1011 3635 1068 3685 alba
1085 3634 1090 3701 Ι
1107 3638 1119 3688 1

133 3701 222 3753 hibent
238 3702 274 3765 (v)
290 3701 294 3768 Ι
312 3702 343 3752 19
361 3705 454 3765 musto]
474 3702 513 3752 ed.
535 3702 618 3753 Viteb.
638 3720 663 3752 o.
682 3703 762 3762 159&
780 3703 880 3753 Bentl:
898 3703 977 3753 mixto
996 3719 1010 3752 o
1029 3707 1066 3767 (et
1081 3708 1120 3754 sic

135 3770 214 3820 dinus
231 3774 261 3820 r‘n
280 3770 319 3820 ed.
339 3773 409 3818 certe
427 3768 491 3822 Vere.
511 3786 536 3820 a.
556 3771 631 3834 1486)
654 3771 737 3822 mulso
756 3773 790 3835 (v)
805 3771 810 3838 Ι
826 3773 858 3823 22
876 3773 990 3837 peraget]
1008 3773 1056 3834 lul:
1082 3787 1120 3838 pei

135 3839 167 3889 35
186 3852 218 3888 ne
237 3840 285 3901 ΙυΙ;
304 3839 337 3888 ci.
357 3837 529 3899 Heindorfius
553 3838 557 3902 Ι
586 3840 616 3889 at
636 3842 750 3890 auertere
768 3843 803 3904 (v)
829 3839 834 3904 Ι
858 3841 890 3892 39
910 3839 1009 3903 reponit
1036 3839 1040 3904 Ι
1068 3843 1100 3893 41

132 3905 167 3969 (υ)
183 3906 187 3970 Ι
204 3907 237 3957 44
254 3904 387 3968 fecundae]
405 3905 441 3956 ga
458 3906 505 3970 (o):
524 3905 625 3957 fecundi
