2640 4372
124 203 186 263 200
277 172 284 191 '
474 202 703 255 neisrnnsnuu
722 203 731 254 1
752 206 790 256 ia
813 207 851 257 n.

102 408 106 421 ·
212 377 261 438 Sic
283 377 412 456 positum
434 376 563 437 servabis
586 395 672 447 onus,
697 394 733 435 ne
758 375 832 435 forte
856 375 978 437 subala

212 461 397 523 Fasciculum
420 472 521 540 portes
542 461 696 532 librorum,
720 469 752 520 ut
775 462 904 522 rusticus
926 480 1046 540 agnum,

213 547 249 608 Ut
271 547 372 607 vinosa
394 546 510 625 glomus
532 548 655 607 lurtivae
678 546 778 624 Pyrria
802 546 895 619 lanae,

212 632 252 692 Ut
272 651 340 692 cum
364 631 482 711 pilleolo
505 633 600 692 soleas
622 632 742 691 conviva
765 631 891 692 tribulis.

212 716 255 777 Ne
277 717 362 795 volgo
386 735 499 789 narres,
522 727 551 777 te
573 716 721 778 sudavisse
743 715 865 777 lerendo

213 802 357 874 Carmina,
381 820 457 881 quae
478 803 594 881 possint
617 801 720 861 oculos
742 801 880 878 aurisque
903 802 1014 862 morari

213 886 354 949 Caesaris.
399 887 507 948 Oratus
529 888 620 949 multa
644 905 742 964 prece,
766 887 860 946 nitere
883 905 985 966 porro.

211 973 299 1046 Vade,
321 973 393 1043 vale,
416 991 485 1033 cave
510 992 546 1032 ne
568 971 678 1032 titubes
700 971 895 1049 mandataque
917 973 1047 1050 frangas.

626 1259 690 1320 xlv

210 1380 300 1440 Vilice
322 1379 460 1440 silvarum
483 1386 513 1438 et
537 1379 606 1438 mibi
631 1399 676 1439 me
700 1379 850 1439 reddentis
872 1379 967 1456 agelli,

210 1464 306 1536 Quem
330 1475 360 1524 tu
384 1463 504 1537 fastidis,
527 1464 687 1524 habitatum
710 1465 843 1542 quinque
864 1465 938 1526 locis
961 1476 990 1526 et

209 1549 350 1629 Quinque
373 1549 468 1609 bonos
489 1549 608 1609 solitum
631 1550 743 1610 Variam
767 1549 914 1609 dimittere
936 1560 1048 1629 patres,

210 1633 372 1706 Certemus,
395 1636 496 1712 spinas
518 1635 658 1695 animone
681 1654 736 1713 ego
760 1635 864 1694 lortius
886 1653 924 1694 an
948 1645 980 1696 tu

211 1720 323 1781 Evellas
345 1738 415 1799 agro
439 1729 469 1778 et
491 1720 595 1780 melior
616 1721 654 1780 sit
676 1720 814 1780 Horatius
835 1737 872 1778 an
895 1738 952 1780 ree.

210 1806 256 1867 lle
279 1806 411 1884 quamvis
433 1805 551 1864 Lamiae
574 1806 666 1884 pietas
688 1816 717 1865 et
739 1823 808 1865 cura
832 1813 974 1878 moratur,

211 1892 344 1951 Fratrem
367 1891 535 1961 maerentis,
558 1899 642 1968 rapto
665 1891 701 1950 de
724 1891 813 1950 fratre
836 1889 964 1951 dolentis

212 1974 417 2048 lnsolabiliter,
441 1985 538 2035 tamen
563 1976 637 2036 istuc
660 1994 744 2035 mens
767 1975 943 2052 animusque

212 2060 281 2120 Fert
304 2068 333 2119 et
355 2068 431 2119 amat
454 2060 556 2137 spatiis
577 2059 724 2121 obstantia
747 2078 886 2137 rumpere
909 2060 1047 2121 claustra.

213 2146 292 2205 Rure
316 2162 371 2222 ego
395 2144 550 2216 viventem,
574 2154 604 2203 tu
629 2144 701 2205 dicis
725 2146 753 2205 in
779 2145 852 2204 urbe
876 2145 1009 2206 beatum:

212 2230 265 2292 Cui
287 2229 383 2309 placet
406 2229 535 2301 alterius,
558 2247 609 2289 sua
633 2229 773 2290 nimirum
797 2239 840 2290 est
863 2230 930 2290 odio
953 2248 1028 2304 sors,

212 2315 325 2376 Stultus
347 2323 473 2393 uterque
496 2314 594 2375 locum
617 2315 787 2375 inmeritum
811 2326 948 2375 causatur
969 2316 1108 2394 inique;·

211 2401 244 2462 ln
270 2400 356 2479 culpa
379 2410 423 2460 est
446 2400 571 2469 animus,
595 2401 699 2478 quise
723 2419 783 2460 non
808 2400 910 2478 effugit
932 2418 1083 2478 umquam.

211 2486 256 2547 Tu
281 2486 472 2546 mediastinus
495 2487 581 2546 tacita
606 2504 695 2564 prece
718 2503 786 2545 rura
808 2485 938 2565 petebas,

213 2572 300 2633 Nunc
323 2570 427 2631 urbem
452 2581 481 2631 et
503 2570 588 2632 ludos
611 2580 640 2631 et
663 2571 766 2630 balnea
790 2569 891 2630 vilicus
913 2580 1012 2649 optas;

212 2657 259 2717 Me
282 2665 418 2717 constare
440 2657 511 2716 mibi
534 2657 592 2716 scis
614 2665 643 2716 et
666 2656 815 2716 discedere
839 2655 962 2729 tristem,

213 2742 469 2819 Quandocumque
492 2742 615 2801 trabunt
637 2741 729 2801 invisa
753 2741 871 2819 negotia
895 2740 1027 2799 Romam.

212 2828 277 2887 Non
301 2828 402 2887 eadem
425 2828 575 2898 miramur,
599 2845 634 2885 eo
657 2826 842 2886 disconvenit
864 2825 942 2885 inter

212 2911 318 2990 Meque
342 2921 371 2971 et
393 2921 437 2985 te;
461 2929 527 2970 nam
552 2929 627 2990 quae
650 2911 763 2971 deserta
786 2919 815 2970 et
837 2910 984 2989 inhospita
1009 2920 1112 2989 tesqua

214 2996 325 3068 Credis,
348 3014 471 3056 amoena
493 3006 577 3056 vocat
600 3013 715 3056 mecum
738 2995 787 3075 qui
810 2995 901 3055 sentit
923 3006 952 3056 et
974 2994 1036 3055 odit

214 3081 295 3152 Quae
318 3090 349 3140 tu
373 3081 496 3160 pulchra
518 3092 613 3160 putas.
658 3081 768 3140 Fornix
790 3080 843 3140 tibi
865 3089 895 3140 et
916 3088 1006 3142 uncta
1029 3082 1140 3160 popina

215 3166 369 3226 lncntinnt
391 3165 473 3226 urbis
497 3166 684 3239 desiderium,
706 3166 800 3238 video,
824 3173 853 3225 et
875 3166 953 3244 qnod

216 3251 349 3328 ningulus
372 3251 425 3311 iste
449 3253 524 3312 leret
545 3252 631 3331 piper
652 3261 681 3311 et
703 3260 750 3311 tns
773 3251 856 3311 ocius
878 3269 932 3310 uva

213 3335 275 3396 Nec
297 3336 390 3396 vicina
413 3337 515 3398 subest
536 3336 638 3397 vinum
661 3336 804 3414 praebere
826 3333 948 3395 taberna

215 3553 269 3604 lllll
288 3569 311 3605 v.
333 3557 364 3605 14
383 3555 483 3618 glomos
501 3557 536 3618 (v)
555 3553 647 3619 globos
665 3555 700 3618 (v)
727 3552 731 3619 Ι
758 3553 842 3620 pyrria
865 3557 892 3602 et
915 3552 989 3618 pirria
1018 3520 1096 3603 libri:
1120 3555 1208 3620 putria

126 3622 223 3687 (purril.
243 3639 277 3672 erc
295 3623 379 3688 putria
399 3622 500 3685 l.[anae]
527 3637 563 3672 ac.
581 3622 756 3687 depravatum
774 3621 856 3683 Mon.)
875 3622 971 3686 Porpb.
993 3620 1209 3688 admonenteque

129 3689 304 3741 Lachmanno
323 3691 359 3740 ad
377 3689 457 3740 Lucr.
477 3689 508 3739 Vl
527 3693 575 3742 911
594 3690 828 3755 Zangemeiateruc
850 3689 913 3741 butt.
934 3690 998 3741 1865
1019 3705 1047 3753 p.
1068 3691 1129 3749 183;
1150 3689 1207 3742 ott

100 3803 103 3808 .
127 3756 159 3808 lV
171 3774 198 3822 p.
213 3761 259 3811 211
278 3759 329 3824 116
349 3773 396 3808 neu
416 3759 566 3822 (alneolo)
590 3758 594 3823 Ι
622 3760 651 3811 18
664 3775 720 3823 aq..
739 3772 814 3823 porro
833 3757 906 3822 vade,
924 3758 995 3807 vale:
1013 3757 1099 3808 Bentl.
1120 3774 1207 3824 ,porro

127 3825 200 3877 ‘ade'
213 3825 423 3947 lllleothllsavet
441 3894 525 3945 Beati.
542 3893 546 3961 Ι
564 3897 593 3946 11
614 3897 679 3956 sors]
698 3909 738 3945 res
756 3896 792 3958 (v)
807 3893 812 3958 Ι
830 3896 860 3946 19
879 3908 928 3959 qua
947 3894 989 3956 (=
1002 3892 1039 3942 13⁰
