2640 4372
123 191 183 248 144
502 190 690 243 SthRARUhl
709 192 760 244 16.
780 196 802 245 7.

207 366 336 427 Pransus
360 385 419 425 non
443 364 535 437 avide,
558 374 702 443 quantum
725 366 895 445 interpellet
917 367 998 428 inani

207 450 316 511 Ventre
339 451 416 510 diem
439 452 556 522 durare,
579 451 759 511 domesticus
782 452 868 512 otior.
891 487 933 496 -
956 452 1036 514 Haeo
1058 462 1100 514 est

209 534 270 595 Vita
294 536 459 596 solutorum
481 535 586 595 misera
609 535 770 595 ambitione
792 537 948 615 gravique;

121 629 165 679 130
210 619 261 680 llis
282 638 330 680 me
353 620 492 681 consolor
514 620 658 680 victurum
682 620 798 682 suavius
821 640 854 682 ac
876 623 900 682 si

209 704 355 774 Quaestor
378 724 447 766 avus
471 715 555 783 paler
576 713 665 783 atque
688 723 771 766 meus
793 717 976 786 patruusque
998 707 1106 768 luisset.

637 1008 686 1067 Vll

211 1125 371 1205 Proscripti
395 1126 484 1204 Regis
507 1126 605 1206 Rupili
628 1146 685 1206 pus
707 1135 795 1204 atque
817 1144 964 1186 venenum

211 1209 308 1270 lbrida
332 1230 391 1290 quo
414 1222 500 1290 pacto
524 1213 561 1273 sit
583 1213 702 1272 Persius
724 1212 812 1283 ultus,
836 1211 945 1289 opinor

210 1295 355 1357 Omnibus
378 1306 407 1356 et
428 1297 516 1375 lippis
540 1305 643 1356 notum
666 1305 696 1355 et
717 1295 887 1357 tonsoribus
910 1313 983 1356 esse.

213 1380 329 1442 Persius
351 1381 399 1441 hio
423 1400 583 1460 permagna
606 1381 723 1458 negotia
746 1381 825 1441 dives
846 1380 972 1442 habebat

152 1475 167 1521 5
212 1465 401 1539 Clazomenis,
425 1477 454 1526 et
476 1467 531 1526 iam
554 1466 613 1526 litis
635 1485 702 1526 oum
725 1466 806 1542 Rege
830 1465 976 1538 molestas,

211 1549 309 1611 Burus
331 1551 419 1611 homo
442 1560 531 1629 atque
553 1552 620 1612 odio
643 1551 694 1629 qui
717 1559 819 1629 posset
840 1552 958 1612 vincere
983 1551 1098 1628 Regem,

212 1633 379 1708 confidens,
403 1636 540 1710 tumidus,
564 1637 635 1695 adeo
659 1636 805 1697 sermonis
828 1635 927 1706 amari,

213 1718 363 1794 sisennas,
387 1722 494 1782 Barros
516 1730 549 1781 ut
571 1721 654 1798 equis
677 1728 883 1798 praecurreret
904 1721 986 1781 albis.

212 1806 255 1863 Ad
278 1804 387 1883 Regem
411 1807 509 1870 redeo.
555 1806 714 1883 Postquam
739 1805 811 1864 nihil
833 1806 910 1865 inter
933 1813 1091 1884 utrumque

140 1898 167 1947 10
211 1889 355 1950 Convenit
377 1925 390 1935 -
413 1891 471 1951 hoc
494 1891 602 1951 etenim
626 1900 696 1950 sunt
719 1909 823 1950 omnes
844 1891 908 1950 iure
931 1890 1056 1963 molesti,

212 1973 277 2044 Quo
300 1976 400 2047 fortes,
423 1975 531 2052 quibus
553 1976 705 2035 adversum
730 1974 837 2034 bellum
861 1974 978 2035 incidit:
1003 1975 1081 2036 inter

214 2057 338 2119 Hectora
362 2059 538 2130 Priamiden,
562 2060 726 2120 animosum
750 2067 837 2137 atque
860 2060 938 2119 inter
959 2060 1099 2121 Achillem

212 2142 256 2201 lra
280 2144 335 2203 luit
356 2144 496 2222 capitalis,
520 2153 553 2204 ut
574 2146 675 2205 ultima
699 2145 840 2204 divideret
861 2162 950 2217 mors,

210 2226 275 2286 Non
300 2229 384 2288 aliam
408 2228 445 2288 ob
469 2247 597 2301 causam,
621 2230 677 2290 nisi
700 2230 779 2307 quod
803 2230 893 2290 virtus
915 2230 945 2288 in
970 2239 1096 2308 utroque

140 2319 167 2368 15
212 2311 330 2372 Summa
353 2313 423 2388 luit;
447 2314 505 2373 duo
528 2316 551 2375 si
575 2314 718 2375 discordia
742 2325 826 2374 vexet
848 2315 953 2375 inertis

212 2396 314 2458 drusi
337 2399 503 2478 disparibus
525 2400 636 2460 bellum
659 2399 778 2472 incidat,
801 2408 834 2458 ut
856 2399 988 2460 Diomedi

213 2480 284 2542 Cum
310 2483 398 2564 Lycio
423 2483 543 2556 Glauco,
566 2484 696 2545 discedat
718 2483 840 2562 pigrior,
865 2484 943 2544 ultro

212 2567 383 2629 Muneribus
405 2569 501 2630 missis
523 2603 547 2642 ·,
570 2569 662 2630 Bruto
686 2577 822 2647 praetore
845 2577 966 2630 tenente

211 2652 305 2712 Bitem
329 2654 435 2726 Asiam,
458 2655 557 2733 Rupili
580 2663 610 2714 et
632 2653 713 2714 Persi
736 2672 789 2731 par
812 2662 934 2731 pugnat,
958 2652 1001 2713 uti
1024 2670 1085 2713 non

138 2743 167 2794 tc
212 2736 412 2816 Compositum
437 2739 541 2799 melius
564 2758 632 2799 cum
655 2738 740 2798 Bitho
764 2738 917 2799 Bacchius.
961 2736 994 2797 ln
1019 2736 1065 2798 ius

212 2823 302 2884 hores
324 2833 516 2902 procurrunt,
540 2842 677 2903 magnum
702 2824 901 2901 spectaculum
925 2832 1060 2900 uterque.

213 2907 328 2968 Persius
351 2908 473 2988 exponit
495 2926 628 2982 causam;
652 2908 765 2968 ridetur
788 2908 823 2967 ab
847 2908 928 2968 omni

213 2991 382 3065 Conventu3
405 2992 505 3053 laudat
527 2994 651 3053 Brutum
675 2993 831 3070 laudatque
853 2993 1024 3065 cohortem;

211 3075 310 3135 Solem
333 3078 417 3136 Asiae
440 3076 563 3137 Brutum
587 3079 713 3157 appellat
735 3079 893 3155 stellasque
915 3076 1041 3138 salubris

139 3169 167 3219 25
211 3160 345 3239 Appellat
368 3162 499 3234 comites
522 3173 645 3241 excepto
668 3163 760 3241 Rege:
785 3181 887 3223 canem
911 3162 1003 3235 illum,

212 3244 341 3305 lnvisum
366 3246 501 3323 agricolis
524 3247 614 3320 sidus,
639 3249 767 3320 venisse3
791 3247 895 3308 ruebat

212 3329 334 3390 Flumen
360 3341 392 3390 ut
413 3331 581 3405 hibernum,
605 3334 782 3410 ferturque
805 3351 870 3392 rara
892 3330 1018 3393 securis.

211 3414 287 3474 'lum
310 3415 521 3478 Praenestinus
543 3419 619 3479 salso
642 3418 796 3495 multoque
818 3417 921 3478 fluenti

210 3597 242 3650 Vl
259 3616 282 3650 v.
303 3601 351 3652 130
368 3599 483 3650 uicturus
501 3601 536 3664 (o)
552 3600 556 3666 1
574 3604 620 3654 131
642 3601 742 3663 luisset]
761 3601 809 3665 (elz
829 3600 939 3652 luissent

209 3666 251 3718 Vll
269 3683 292 3719 v.
312 3669 327 3718 2
344 3666 436 3730 lbrida]
455 3669 490 3731 (v)
513 3666 547 3727 os.
567 3668 717 3730 Heindorfii
739 3669 799 3719 adn.
826 3671 869 3730 (=
888 3669 944 3722 ΑΚ
960 3665 1025 3735 Ms):
1052 3664 1150 3717 hibrida
1174 3663 1198 3711 ot

124 3733 232 3801 hybrida
247 3732 252 3802 Ι
269 3739 283 3786 5
302 3738 328 3785 et
346 3734 395 3785 iam
414 3735 527 3786 Bolbius
541 3736 589 3787 11²:
610 3738 685 3788 etiam
701 3736 706 3804 Ι
722 3740 736 3788 'l
755 3737 877 3800 tumidus]
896 3761 930 3780 =
948 3736 999 3786 Ba:
1018 3728 1195 3800 tumidusque!

127 3805 156 3854 12
176 3801 319 3854 Priamiden
338 3803 480 3854 animosum
506 3804 541 3854 al.
566 3805 570 3872 l
598 3808 626 3856 ll
646 3805 774 3871 pulchrior
797 3807 801 3870 Ι
826 3807 858 3856 20
877 3805 1037 3869 compositus
1061 3804 1066 3868 Ι
1091 3804 1122 3855 21
1142 3813 1197 3852 con·

123 3873 227 3921 currunt
242 3870 247 3938 l
263 3873 295 3923 28
313 3869 473 3937 multumque
491 3871 528 3940 (v)
