2640 4372
566 197 696 251 spondit
717 204 756 253 ll.

209 368 364 429 Laboriosi
387 369 514 447 remiges
538 370 629 431 Ulixei

210 453 333 514 Volente
355 454 438 515 Circa
460 456 601 529 membra,
622 466 685 516 tum
709 475 791 519 mens
813 469 843 519 et
864 480 957 522 sonus

209 536 353 617 Relapsus
375 550 463 618 atquc
487 551 575 601 notus
596 541 627 601 in
651 542 747 602 voltus
768 544 876 604 honor.

210 622 283 683 Dedi
305 625 375 684 satis
396 643 546 703 superque
568 644 732 705 poenarum
755 628 817 700 tibi,

210 713 312 768 Amata
335 711 432 771 nautis
453 711 578 770 multum
602 720 632 771 et
652 712 853 774 institoribus:

177 785 184 796 ⁶
213 793 300 872 Fugit
321 794 454 855 iuventas
476 807 507 856 et
527 796 713 857 verecundus
735 797 818 858 color

213 879 342 958 Reliquit
364 899 430 940 ossa
453 881 529 959 pelle
551 881 655 941 amicta
677 881 781 956 lurida,

211 964 282 1025 Tuis
305 965 427 1044 capillus
449 965 533 1027 albus
555 976 600 1026 est
623 967 780 1041 odoribus;

210 1049 329 1110 Nullum
353 1069 368 1110 a
392 1052 493 1112 labore
515 1070 563 1111 me
585 1052 711 1111 reclinat
733 1053 836 1128 otium,

212 1132 303 1211 Urget
325 1136 402 1196 diem
426 1154 484 1196 nox
508 1147 537 1196 et
559 1136 622 1197 dies
645 1147 762 1197 noctem
786 1158 884 1218 neque
908 1151 952 1201 est

210 1219 321 1281 Levare
342 1230 423 1281 tenta
447 1222 552 1300 spiritu
575 1224 757 1299 praecordia.

210 1302 289 1380 Ergo
313 1317 451 1383 negatum
474 1307 579 1366 vincor
601 1316 633 1366 ut
655 1308 771 1367 credam
795 1308 892 1381 miser,

212 1389 326 1449 Sebeda
348 1400 453 1470 pectus
475 1392 631 1470 increpare
654 1393 785 1452 carmina

212 1474 365 1553 Caputque
387 1475 482 1536 llarsa
504 1477 630 1537 dissilire
653 1477 750 1536 nenia.

211 1559 288 1630 Quid
311 1560 436 1638 amplius
458 1559 521 1621 vis?
544 1582 561 1621 o
585 1580 665 1621 mare
688 1572 715 1621 et
739 1572 827 1634 terra,
850 1562 949 1636 ardeo,

211 1646 360 1716 Quantum
384 1664 481 1724 neque
503 1656 567 1706 atro
590 1646 737 1707 delibutus
760 1647 901 1707 Hercules

211 1730 295 1791 Nessi
317 1749 425 1790 cruore
448 1750 504 1791 nec
527 1732 631 1792 Sicana
655 1732 764 1791 fervida

210 1815 315 1875 Virens
338 1816 368 1875 in
391 1820 484 1875 Aetna
507 1816 638 1876 llamma:
662 1827 703 1889 tu,
726 1818 821 1877 donec
844 1818 920 1878 cinis

210 1901 364 1960 luiuriosis
386 1901 485 1961 aridus
507 1904 601 1962 ventis
624 1903 710 1970 ferar,

212 1984 304 2057 Cales,
327 1986 448 2046 venenis
471 1987 587 2046 ollicina
612 1985 780 2047 Colchicis?

210 2069 292 2139 Quae
314 2070 382 2129 finis
404 2081 454 2131 aut
476 2071 555 2148 quod
578 2090 624 2130 me
648 2081 747 2131 manet
770 2070 973 2149 stipendium?

210 2153 323 2213 Eliarel
347 2155 441 2214 iussas
464 2173 530 2214 oum
554 2155 610 2214 lide
633 2174 745 2234 poenas
768 2156 856 2228 luam,

209 2239 332 2298 Paratus
353 2240 480 2318 expiare,
502 2258 554 2301 seu
578 2241 751 2319 poposceris

211 2323 335 2385 Centum
359 2324 498 2396 iuvencis,
521 2325 581 2385 sive
603 2326 736 2386 mendaci
759 2326 821 2405 lyra

210 2408 296 2469 Voles
316 2411 415 2470 sonari
434 2403 479 2469 ‘tu
501 2410 617 2488 pudiea,
640 2420 671 2470 tu
693 2406 814 2491 proba'‚

209 2493 430 2556 Perambulabis
452 2506 529 2556 astra
551 2495 631 2556 sidus
653 2514 786 2557 aureum.

210 2578 331 2641 lnfamis
354 2581 483 2642 llelenae
505 2581 607 2642 Castor
630 2582 761 2641 ollensus
782 2581 844 2640 vice

210 2664 372 2743 Fratorque
394 2666 492 2745 magni
517 2666 655 2739 Castoris,
677 2666 743 2726 victi
767 2684 865 2745 prece,

210 2749 352 2828 ddempta
377 2753 432 2811 vati
455 2751 608 2812 reddidere
630 2752 756 2811 lumina:

209 2833 247 2893 Et
270 2846 299 2895 tu
323 2869 336 2879 ·
359 2845 445 2914 potes
468 2855 535 2895 nam
559 2870 571 2879 -
594 2836 673 2896 solve
696 2856 742 2896 me
765 2834 922 2906 dementia,

211 2916 235 2978 0
261 2938 316 2979 nec
338 2921 470 2998 paternis
493 2919 624 2980 obsoleta
646 2921 783 2980 sordibus

210 3002 271 3063 Nec
294 3005 323 3063 in
348 3006 492 3083 sepulcris
514 3022 679 3083 pauperum
703 3004 833 3083 prudens
856 3023 931 3065 anus

209 3088 395 3148 Nouendialis
418 3089 559 3168 dissipare
581 3089 732 3167 pulveresl

211 3171 276 3231 Tibi
299 3173 443 3251 hospitale
465 3182 568 3253 pectus
591 3182 621 3232 et
642 3191 733 3250 purae
755 3193 861 3235 manus

211 3256 351 3334 Tuusque
374 3267 477 3318 venter
499 3258 693 3329 Pactumeius,
716 3268 745 3317 et
766 3269 817 3319 tuo

212 3340 323 3401 Cruore
346 3343 453 3403 rubros
476 3342 616 3404 obstetrix
638 3362 755 3423 pannos
777 3345 854 3415 lavit,

211 3427 378 3504 Utcumque
400 3429 484 3488 sortis
507 3429 603 3488 exsilis
624 3423 790 3507 puerpera.³
815 3465 856 3473 -

210 3663 277 3714 llVll
295 3680 318 3715 υ.
339 3666 368 3717 ll
389 3666 469 3726 tunel
487 3665 516 3715 18
535 3663 630 3714 relatus
649 3665 702 3730 122
721 3681 764 3716 ora
784 3664 870 3716 Bentt.
885 3663 891 3728 l
906 3665 939 3717 30
957 3663 991 3727 et]
1011 3679 1027 3713 o
1046 3656 1195 3724 ltu-dorni

131 3733 163 3784 33
181 3747 258 3783 urens
275 3735 311 3796 (a)
329 3731 415 3782 furens
432 3734 468 3797 (v)
487 3733 529 3792 (=
539 3732 633 3794 cenot.)
649 3734 653 3795 Ι
669 3736 763 3798 blsqq.
782 3733 912 3782 distiterit
929 3732 957 3783 V
961 3732 1017 3781 ind.
1037 3732 1097 3781 lect.
1111 3727 1197 3780 Barol

126 3816 150 3850 a.
171 3801 237 3852 1886
254 3805 319 3852 uest.
335 3815 363 3864 p.
382 3802 442 3864 dsq.
459 3803 463 3862 Ι
480 3802 512 3852 39
530 3799 654 3863 iuvencis]
666 3805 701 3862 (v)
713 3801 811 3851 Bentt:
830 3801 952 3850 iuuencos
968 3798 973 3865 Ι
989 3801 1021 3850 40
1037 3799 1134 3861 sonari]
1146 3799 1195 3862 (ηε

123 3882 214 3919 sonare
229 3869 233 3935 Ι
248 3860 407 3933 ‘tu-proba’
428 3867 522 3919 Catuli.
542 3869 583 3929 42,
602 3869 702 3933 24142
721 3870 802 3919 uicem
821 3869 856 3931 (a)
874 3866 981 3930 (Booti.)
