2640 4372
123 181 185 242 224
503 183 733 238 EPISTULARUM
750 187 771 238 ll
789 190 812 240 2.

208 356 349 436 Emptum
372 366 458 418 cenat
481 357 575 428 bolus
600 358 730 435 quamvis
752 358 836 418 aliter
858 369 950 438 putat.
974 361 1081 440 emptis

211 441 272 502 Sub
296 453 414 503 noctem
437 443 560 522 gelidam
584 443 671 522 lignis
695 442 846 503 calefactat
868 462 991 520 aenum;

127 537 168 586 tto
212 526 269 587 Sed
291 539 375 588 vocat
397 547 491 606 usque
516 546 611 597 suum,
636 546 692 606 qua
716 528 844 608 populus
867 528 956 589 adsita
980 533 1069 592 certis

212 611 367 674 Limitibus
390 615 484 674 vicina
508 613 616 692 refugit
638 612 741 691 iurgia,
764 623 913 692 tamquam

163 715 166 719 ¹
211 696 254 757 Sit
276 699 430 778 proprium
454 699 622 777 quicquam,
646 707 757 777 puncto
781 699 859 777 quod
883 699 998 760 mobilis
1021 701 1113 762 borae

211 782 297 843 Nono
320 803 420 863 prece,
443 802 525 843 nunc
547 784 653 863 pretio,
677 802 758 843 nunc
779 784 815 856 vi,
840 801 920 844 nuno
943 795 1039 846 morte
1060 806 1200 866 suprema

214 866 364 929 Permutat
385 869 520 928 dominos
543 877 572 930 et
594 869 677 928 cedat
698 869 728 928 in
753 869 842 928 altera
865 869 937 933 iura.

126 961 168 1012 tto
213 952 260 1012 Sic
284 955 351 1032 qnia
375 962 536 1033 perpetuus
558 953 631 1013 nulli
654 954 740 1012 datur
762 972 833 1014 usus
855 963 885 1014 et
905 954 991 1015 heres

211 1037 355 1100 Heredem
379 1039 500 1099 alternis
522 1039 601 1098 velut
624 1040 701 1099 unda
724 1039 895 1118 supervenit
917 1041 1038 1113 undam,

111 1128 114 1135 '
215 1122 291 1193 Quid
314 1125 369 1184 vici
393 1133 520 1203 prosunt
541 1133 591 1184 aut
613 1121 740 1183 horrea?
764 1123 869 1202 quidve
893 1124 1022 1186 Calabris

211 1208 339 1270 Saltibus
362 1209 465 1270 adiecti
488 1208 609 1281 Lucani,
633 1209 656 1269 si
680 1209 759 1268 metit
784 1209 880 1270 Orcus

212 1292 339 1354 Grandia
364 1313 430 1354 eum
455 1296 560 1372 parvis,
585 1313 643 1354 non
669 1293 826 1354 exorabilis
849 1291 943 1355 auro?

126 1386 168 1437 199
211 1377 357 1450 Gemmas,
380 1398 519 1448 marmor,
542 1379 625 1444 ebur,
649 1379 800 1459 Tyrrhena
823 1379 925 1458 sigilla,
948 1379 1080 1452 tabellas,

210 1465 382 1541 Argentum,
405 1465 492 1525 vestis
514 1464 636 1524 Gaetulo
660 1464 772 1524 murice
794 1465 902 1524 tinctas

212 1549 287 1609 Sunt
310 1551 360 1628 qui
384 1569 445 1610 non
469 1548 605 1619 babeant,
628 1550 744 1627 estqui
768 1569 829 1609 noo
853 1560 937 1609 curat
960 1549 1078 1610 habere.

212 1634 271 1694 Cur
293 1636 366 1695 alter
390 1636 512 1695 fratrum
535 1653 651 1695 cessare
673 1644 701 1695 et
724 1634 825 1694 ludere
848 1644 877 1694 et
900 1636 971 1711 ungi

210 1719 359 1781 Praeferat
382 1720 507 1782 Herodis
528 1721 663 1800 palmetis
685 1718 855 1799 pinguibus,
878 1719 952 1779 alter

125 1813 166 1864 185
209 1805 294 1866 Dives
317 1815 345 1866 et
368 1807 556 1885 importunus
577 1807 611 1866 ad
635 1805 768 1866 umbram
792 1805 867 1864 lueis
888 1803 925 1863 ab
949 1814 1015 1864 ortu

211 1891 379 1952 Silvestrem
403 1892 527 1951 flammis
550 1900 580 1951 et
601 1892 681 1952 ferro
704 1890 817 1966 mitiget
840 1908 954 1968 agrum,

212 1976 273 2036 Scit
295 1976 417 2048 Genios,
441 1977 536 2036 natale
560 1995 659 2036 comes
683 1976 732 2053 qui
755 1984 899 2053 temperat
922 1984 1044 2044 astrum,

212 2062 337 2120 Naturae
360 2060 433 2120 deus
456 2061 612 2130 humanae,
635 2061 766 2120 mortalis
788 2061 818 2119 in
844 2078 935 2119 tinum

211 2144 357 2221 Quodque
380 2155 478 2223 caput,
500 2145 578 2205 voltu
603 2145 760 2214 mutabilis,
783 2144 866 2204 albus
889 2154 918 2205 et
941 2155 1011 2204 ater.

126 2240 168 2290 199
211 2229 283 2289 Utor
306 2240 392 2289 etex
415 2229 530 2289 modico
554 2239 696 2308 quantum
721 2247 769 2290 res
791 2240 894 2308 poscet
917 2247 1020 2290 acervo

212 2315 324 2374 'follam
348 2333 404 2375 nec
428 2326 565 2385 metuam,
588 2314 657 2393 quid
681 2316 717 2375 de
741 2333 787 2374 me
810 2315 920 2375 iudicet
942 2315 1038 2377 heres.

213 2400 298 2471 Quod
323 2419 384 2460 non
408 2400 493 2480 plura
516 2400 591 2461 datis
612 2400 768 2472 invenerit,
792 2408 940 2461 ettamen
963 2399 1038 2460 idem

213 2487 295 2546 Scire
317 2486 422 2559 volam,
446 2495 589 2565 quantum
612 2487 736 2565 simplex
758 2485 916 2564 hilarisque
939 2486 1041 2563 nepoti

211 2572 365 2650 llisorepet
388 2581 418 2631 et
440 2582 584 2649 quantum
608 2572 756 2632 discordet
777 2589 883 2649 parcus
906 2588 1001 2630 avaro.

127 2667 169 2718 199
212 2658 305 2718 Distat
327 2657 416 2728 enim,
440 2675 559 2736 spargas
574 2667 623 2717 tua
639 2657 780 2735 prodigus
794 2674 831 2715 an
849 2674 946 2733 neque
961 2664 1113 2734 sumptum

212 2741 324 2803 invitus
346 2742 435 2802 facias
458 2761 555 2820 neque
578 2742 661 2819 plura
684 2759 787 2821 parare
810 2741 936 2808 labores,

212 2831 254 2886 Ac
276 2828 384 2906 potios,
408 2845 484 2907 puer
507 2837 538 2886 ut
560 2827 642 2887 festis
664 2826 901 2904 Quinquatribus
924 2826 1002 2895 olim,

213 2912 326 2992 Exiguo
351 2922 493 2991 gratoque
516 2912 622 2972 fruaris
645 2921 779 2990 tempore
800 2911 917 2989 raptim.

214 2997 373 3076 Pauperies
398 2998 539 3058 inmunda
563 2998 668 3057 domus
689 2996 794 3076 procul
816 2996 907 3070 absit;
930 3014 986 3073 ego
1008 3005 1107 3054 utrum

126 3092 172 3141 tuo
214 3081 292 3142 Nare
315 3083 393 3141 ferar
417 3101 581 3161 magnaeo
605 3101 702 3162 parva,
726 3083 806 3141 ferar
827 3100 905 3141 unus
928 3092 956 3140 et
980 3080 1065 3140 idem.

214 3167 278 3225 Non
303 3167 418 3243 agimur
440 3168 559 3228 tumidis
582 3168 652 3227 velis
674 3167 820 3246 Aquilone
843 3165 984 3229 secundo.

213 3252 277 3311 Non
301 3261 399 3311 tamen
424 3253 552 3313 adversis
575 3262 699 3313 aetatem
722 3251 856 3312 ducimus
879 3252 1004 3323 Austris

213 3336 340 3407 Viribus,
366 3338 497 3414 ingenio,
520 3338 628 3416 specie.
652 3339 768 3407 virtute,
791 3337 866 3407 loco,
890 3355 922 3396 re

128 3508 330 3516 -——-—-

213 3607 274 3657 llo.
294 3610 339 3660 1tt
361 3603 444 3670 refigit
463 3608 498 3667 (u)
519 3605 524 3672 l
547 3609 594 3659 175
613 3606 658 3670 sic]
678 3608 727 3668 (vlt
746 3607 767 3657 si
786 3623 801 3656 u
819 3605 864 3658 scd
883 3607 919 3667 (o)
936 3610 940 3669 l
958 3607 1005 3659 188
1016 3622 1055 3671 sq.
1076 3605 1204 3658 humanae

130 3676 253 3731 mortalis.
271 3676 296 3725 in
316 3690 393 3725 unum
413 3674 534 3740 qnodque
552 3681 628 3738 capnt
647 3675 718 3725 rolto
731 3675 936 3726 Doederleim‘us
951 3679 955 3736 Ι
973 3677 1020 3727 199
1039 3674 1122 3740 possit
1138 3677 1168 3735 (i.
1182 3692 1203 3725 ο.

129 3744 221 3808 poscitt
240 3746 279 3792 bis
297 3744 372 3794 codd
391 3743 488 3806 Porpl.
516 3747 520 3800 Ι
549 3745 597 3794 199
620 3743 708 3807 procul
733 3742 823 3795 domus
845 3743 912 3794 absit
936 3746 973 3801 (ot
996 3742 1086 3809 procul
1111 3743 1202 3808 procul

130 3811 195 3860 absit
215 3814 249 3872 (ol
267 3812 358 3863 domus
377 3810 465 3876 procul
485 3813 520 3873 (n)
538 3810 626 3875 procul
647 3813 696 3874 tel:
720 3817 780 3862 erat
801 3828 860 3861 cam
879 3814 910 3862 dc
928 3813 997 3862 utine
1020 3810 1107 3876 procul
1134 3811 1204 3862 absit

129 3883 276 3942 cogitarem
294 3880 329 3940 cf.
348 3885 438 3930 tomen
456 3877 524 3930 Stat.
543 3878 608 3929 suo.
627 3877 656 3930 ΙΙΙ
675 3883 699 3933 l.
717 3881 750 3932 33
762 3897 801 3946 sq.
