<?xml version="1.0" encoding="UTF-8"?>
<!DOCTYPE html PUBLIC "-//W3C//DTD XHTML 1.0 Transitional//EN"
    "http://www.w3.org/TR/xhtml1/DTD/xhtml1-transitional.dtd">
<html xmlns="http://www.w3.org/1999/xhtml" xml:lang="en" lang="en">
 <head>
  <title>
</title>
<meta http-equiv="Content-Type" content="text/html;charset=utf-8" />
  <meta name='ocr-system' content='tesseract 3.04.00' />
  <meta name='ocr-capabilities' content='ocr_page ocr_carea ocr_par ocr_line ocrx_word'/>
</head>
<body>
  <div class='ocr_page' id='page_1' title='image "./qhoratiiflaccic01hertgoog_0121.png"; bbox 0 0 2640 4372; ppageno 0'>
   <div class='ocr_carea' id='block_1_1' title="bbox 572 201 744 256">
    <p class='ocr_par' dir='ltr' id='par_1_1' title="bbox 572 201 744 256">
     <span class='ocr_line' id='line_1_1' title="bbox 572 201 744 256; baseline 0.012 -3"><span class='ocrx_word' id='word_1_1' title='bbox 572 201 701 255; x_wconf 80' lang='lat' dir='ltr'><strong>EPODON</strong></span> <span class='ocrx_word' id='word_1_2' title='bbox 721 207 744 256; x_wconf 80' lang='lat'>5.</span> 
     </span>
    </p>
   </div>
   <div class='ocr_carea' id='block_1_2' title="bbox 143 375 1014 3761">
    <p class='ocr_par' dir='ltr' id='par_1_2' title="bbox 143 375 1014 3761">
     <span class='ocr_line' id='line_1_2' title="bbox 247 375 852 456; baseline -0.002 -19"><span class='ocrx_word' id='word_1_3' title='bbox 247 376 371 454; x_wconf 92' lang='lat' dir='ltr'>lmpube</span> <span class='ocrx_word' id='word_1_4' title='bbox 394 394 511 455; x_wconf 78' lang='lat' dir='ltr'>corpus,</span> <span class='ocrx_word' id='word_1_5' title='bbox 536 375 620 454; x_wconf 91' lang='lat' dir='ltr'>quale</span> <span class='ocrx_word' id='word_1_6' title='bbox 642 385 743 455; x_wconf 89' lang='lat' dir='ltr'>posset</span> <span class='ocrx_word' id='word_1_7' title='bbox 763 377 852 456; x_wconf 88' lang='lat' dir='ltr'>impia</span> 
     </span>
     <span class='ocr_line' id='line_1_3' title="bbox 294 461 728 540; baseline -0.002 -19"><span class='ocrx_word' id='word_1_8' title='bbox 294 461 407 521; x_wconf 87' lang='lat' dir='ltr'>Mollire</span> <span class='ocrx_word' id='word_1_9' title='bbox 429 461 576 521; x_wconf 88' lang='lat' dir='ltr'>Thracum</span> <span class='ocrx_word' id='word_1_10' title='bbox 599 470 728 540; x_wconf 75' lang='lat' dir='ltr'>pectora,</span> 
     </span>
     <span class='ocr_line' id='line_1_4' title="bbox 178 545 836 625; baseline -0.002 -17"><span class='ocrx_word' id='word_1_11' title='bbox 178 559 205 609; x_wconf 80' lang='lat'>15</span> <span class='ocrx_word' id='word_1_12' title='bbox 249 546 377 618; x_wconf 83' lang='lat' dir='ltr'>Canidia,</span> <span class='ocrx_word' id='word_1_13' title='bbox 401 545 538 607; x_wconf 89' lang='lat' dir='ltr'>brevibus</span> <span class='ocrx_word' id='word_1_14' title='bbox 560 547 707 625; x_wconf 83' lang='lat' dir='ltr'>implicata¹</span> <span class='ocrx_word' id='word_1_15' title='bbox 728 547 836 625; x_wconf 84' lang='lat' dir='ltr'>viperis</span> 
     </span>
     <span class='ocr_line' id='line_1_5' title="bbox 296 631 768 710; baseline -0.002 -18"><span class='ocrx_word' id='word_1_16' title='bbox 296 631 391 692; x_wconf 86' lang='lat' dir='ltr'>Crinis</span> <span class='ocrx_word' id='word_1_17' title='bbox 414 640 443 691; x_wconf 83' lang='lat' dir='ltr'>et</span> <span class='ocrx_word' id='word_1_18' title='bbox 464 631 648 709; x_wconf 83' lang='lat' dir='ltr'>incomptum</span> <span class='ocrx_word' id='word_1_19' title='bbox 671 641 768 710; x_wconf 84' lang='lat' dir='ltr'>capul,</span> 
     </span>
     <span class='ocr_line' id='line_1_6' title="bbox 153 716 805 794; baseline 0.002 -19"><span class='ocrx_word' id='word_1_20' title='bbox 153 733 156 737; x_wconf 82' lang='grc'><strong><em>’</em></strong></span> <span class='ocrx_word' id='word_1_21' title='bbox 248 716 334 777; x_wconf 89' lang='lat' dir='ltr'>lubet</span> <span class='ocrx_word' id='word_1_22' title='bbox 355 716 500 794; x_wconf 80' lang='lat' dir='ltr'><strong>sepulcris</strong></span> <span class='ocrx_word' id='word_1_23' title='bbox 522 717 677 794; x_wconf 90' lang='lat' dir='ltr'>caprificos</span> <span class='ocrx_word' id='word_1_24' title='bbox 699 725 805 786; x_wconf 79' lang='lat' dir='ltr'>erutas,</span> 
     </span>
     <span class='ocr_line' id='line_1_7' title="bbox 294 800 715 881; baseline -0.002 -19"><span class='ocrx_word' id='word_1_25' title='bbox 294 801 379 862; x_wconf 79' lang='lat' dir='ltr'>lubet</span> <span class='ocrx_word' id='word_1_26' title='bbox 402 820 560 881; x_wconf 83' lang='lat' dir='ltr'>cupressus</span> <span class='ocrx_word' id='word_1_27' title='bbox 583 800 715 861; x_wconf 77' lang='lat' dir='ltr'>funebris</span> 
     </span>
     <span class='ocr_line' id='line_1_8' title="bbox 250 885 867 964; baseline -0.002 -19"><span class='ocrx_word' id='word_1_28' title='bbox 250 885 287 946; x_wconf 84' lang='lat' dir='ltr'>Et</span> <span class='ocrx_word' id='word_1_29' title='bbox 308 895 397 946; x_wconf 84' lang='lat' dir='ltr'>uncta</span> <span class='ocrx_word' id='word_1_30' title='bbox 420 886 515 964; x_wconf 84' lang='lat' dir='ltr'>lurpis</span> <span class='ocrx_word' id='word_1_31' title='bbox 538 905 590 945; x_wconf 86' lang='lat' dir='ltr'>ova</span> <span class='ocrx_word' id='word_1_32' title='bbox 612 904 701 945; x_wconf 89' lang='lat' dir='ltr'>ranae</span> <span class='ocrx_word' id='word_1_33' title='bbox 724 886 867 964; x_wconf 84' lang='lat' dir='ltr'>sanguine</span> 
     </span>
     <span class='ocr_line' id='line_1_9' title="bbox 177 971 792 1049; baseline -0.005 -16"><span class='ocrx_word' id='word_1_34' title='bbox 177 983 206 1033; x_wconf 74' lang='lat' dir='ltr'>lu</span> <span class='ocrx_word' id='word_1_35' title='bbox 292 971 485 1049; x_wconf 75' lang='lat' dir='ltr'>plumamque</span> <span class='ocrx_word' id='word_1_36' title='bbox 509 979 672 1030; x_wconf 86' lang='lat' dir='ltr'>nocturnae</span> <span class='ocrx_word' id='word_1_37' title='bbox 695 971 792 1049; x_wconf 83' lang='lat' dir='ltr'>strigis</span> 
     </span>
     <span class='ocr_line' id='line_1_10' title="bbox 248 1055 893 1134; baseline -0.005 -18"><span class='ocrx_word' id='word_1_38' title='bbox 248 1056 429 1134; x_wconf 87' lang='lat' dir='ltr'>Herbasque‚</span> <span class='ocrx_word' id='word_1_39' title='bbox 454 1074 526 1134; x_wconf 92' lang='lat' dir='ltr'>quas</span> <span class='ocrx_word' id='word_1_40' title='bbox 547 1055 642 1115; x_wconf 91' lang='lat' dir='ltr'>lolcos</span> <span class='ocrx_word' id='word_1_41' title='bbox 664 1063 752 1133; x_wconf 83' lang='lat' dir='ltr'>alque</span> <span class='ocrx_word' id='word_1_42' title='bbox 775 1055 893 1115; x_wconf 87' lang='lat' dir='ltr'>Hiberia</span> 
     </span>
     <span class='ocr_line' id='line_1_11' title="bbox 296 1140 701 1209; baseline -0.005 -9"><span class='ocrx_word' id='word_1_43' title='bbox 296 1141 383 1201; x_wconf 77' lang='lat' dir='ltr'>Mittit</span> <span class='ocrx_word' id='word_1_44' title='bbox 404 1159 588 1200; x_wconf 86' lang='lat' dir='ltr'>venenorum</span> <span class='ocrx_word' id='word_1_45' title='bbox 611 1140 701 1209; x_wconf 80' lang='lat' dir='ltr'>ferax,</span> 
     </span>
     <span class='ocr_line' id='line_1_12' title="bbox 249 1225 853 1303; baseline -0.002 -18"><span class='ocrx_word' id='word_1_46' title='bbox 249 1225 286 1285; x_wconf 87' lang='lat' dir='ltr'>Et</span> <span class='ocrx_word' id='word_1_47' title='bbox 308 1245 372 1286; x_wconf 88' lang='lat' dir='ltr'>ossa</span> <span class='ocrx_word' id='word_1_48' title='bbox 396 1226 431 1284; x_wconf 89' lang='lat' dir='ltr'>ab</span> <span class='ocrx_word' id='word_1_49' title='bbox 455 1243 506 1284; x_wconf 94' lang='lat' dir='ltr'>ore</span> <span class='ocrx_word' id='word_1_50' title='bbox 530 1234 610 1303; x_wconf 86' lang='lat' dir='ltr'>rapta</span> <span class='ocrx_word' id='word_1_51' title='bbox 634 1225 749 1284; x_wconf 90' lang='lat' dir='ltr'>ieiunae</span> <span class='ocrx_word' id='word_1_52' title='bbox 772 1225 853 1285; x_wconf 92' lang='lat' dir='ltr'>canis</span> 
     </span>
     <span class='ocr_line' id='line_1_13' title="bbox 295 1309 713 1371; baseline -0.002 -1"><span class='ocrx_word' id='word_1_53' title='bbox 295 1310 432 1371; x_wconf 82' lang='lat' dir='ltr'>Flammis</span> <span class='ocrx_word' id='word_1_54' title='bbox 455 1310 538 1369; x_wconf 89' lang='lat' dir='ltr'>aduri</span> <span class='ocrx_word' id='word_1_55' title='bbox 561 1309 713 1370; x_wconf 83' lang='lat' dir='ltr'>Colchicis.</span> 
     </span>
     <span class='ocr_line' id='line_1_14' title="bbox 178 1395 918 1474; baseline -0.001 -19"><span class='ocrx_word' id='word_1_56' title='bbox 178 1407 205 1455; x_wconf 75' lang='lat'>25</span> <span class='ocrx_word' id='word_1_57' title='bbox 249 1395 286 1455; x_wconf 81' lang='lat' dir='ltr'>di</span> <span class='ocrx_word' id='word_1_58' title='bbox 308 1396 442 1474; x_wconf 84' lang='lat' dir='ltr'>expedita</span> <span class='ocrx_word' id='word_1_59' title='bbox 466 1396 587 1472; x_wconf 80' lang='lat' dir='ltr'>Sagana,</span> <span class='ocrx_word' id='word_1_60' title='bbox 610 1413 664 1474; x_wconf 86' lang='lat' dir='ltr'>per</span> <span class='ocrx_word' id='word_1_61' title='bbox 686 1402 775 1453; x_wconf 83' lang='lat' dir='ltr'>lotam</span> <span class='ocrx_word' id='word_1_62' title='bbox 799 1396 918 1454; x_wconf 93' lang='lat' dir='ltr'>domum</span> 
     </span>
     <span class='ocr_line' id='line_1_15' title="bbox 297 1480 739 1559; baseline 0 -20"><span class='ocrx_word' id='word_1_63' title='bbox 297 1480 446 1559; x_wconf 82' lang='lat' dir='ltr'>Spargens</span> <span class='ocrx_word' id='word_1_64' title='bbox 468 1480 619 1540; x_wconf 79' lang='lat' dir='ltr'>Avernalis</span> <span class='ocrx_word' id='word_1_65' title='bbox 640 1498 739 1558; x_wconf 81' lang='lat' dir='ltr'>aquas,</span> 
     </span>
     <span class='ocr_line' id='line_1_16' title="bbox 250 1563 844 1645; baseline 0 -21"><span class='ocrx_word' id='word_1_66' title='bbox 250 1565 359 1625; x_wconf 85' lang='lat' dir='ltr'>Horret</span> <span class='ocrx_word' id='word_1_67' title='bbox 381 1565 501 1645; x_wconf 82' lang='lat' dir='ltr'>capillis,</span> <span class='ocrx_word' id='word_1_68' title='bbox 525 1574 557 1625; x_wconf 87' lang='lat' dir='ltr'>ut</span> <span class='ocrx_word' id='word_1_69' title='bbox 579 1565 711 1625; x_wconf 91' lang='lat' dir='ltr'>marinus</span> <span class='ocrx_word' id='word_1_70' title='bbox 733 1563 844 1644; x_wconf 91' lang='lat' dir='ltr'>asperis</span> 
     </span>
     <span class='ocr_line' id='line_1_17' title="bbox 296 1649 748 1728; baseline -0.002 -19"><span class='ocrx_word' id='word_1_71' title='bbox 296 1649 427 1711; x_wconf 88' lang='lat' dir='ltr'>Echinus</span> <span class='ocrx_word' id='word_1_72' title='bbox 450 1661 500 1710; x_wconf 80' lang='lat' dir='ltr'>aui</span> <span class='ocrx_word' id='word_1_73' title='bbox 521 1669 645 1711; x_wconf 90' lang='lat' dir='ltr'>currens</span> <span class='ocrx_word' id='word_1_74' title='bbox 668 1668 748 1728; x_wconf 89' lang='lat' dir='ltr'>aper.</span> 
     </span>
     <span class='ocr_line' id='line_1_18' title="bbox 249 1735 755 1796; baseline 0.002 -3"><span class='ocrx_word' id='word_1_75' title='bbox 249 1736 357 1796; x_wconf 71' lang='lat' dir='ltr'>abacta</span> <span class='ocrx_word' id='word_1_76' title='bbox 381 1736 460 1795; x_wconf 90' lang='lat' dir='ltr'>nulla</span> <span class='ocrx_word' id='word_1_77' title='bbox 483 1735 551 1795; x_wconf 89' lang='lat' dir='ltr'>Veia</span> <span class='ocrx_word' id='word_1_78' title='bbox 575 1735 755 1796; x_wconf 86' lang='lat' dir='ltr'>conscientia</span> 
     </span>
     <span class='ocr_line' id='line_1_19' title="bbox 178 1819 701 1899; baseline 0.002 -22"><span class='ocrx_word' id='word_1_79' title='bbox 178 1829 207 1877; x_wconf 78' lang='lat' dir='ltr'>au</span> <span class='ocrx_word' id='word_1_80' title='bbox 293 1819 456 1899; x_wconf 77' lang='lat' dir='ltr'>ligonibus</span> <span class='ocrx_word' id='word_1_81' title='bbox 478 1821 559 1880; x_wconf 93' lang='lat' dir='ltr'>duris</span> <span class='ocrx_word' id='word_1_82' title='bbox 581 1821 701 1880; x_wconf 90' lang='lat' dir='ltr'>humum</span> 
     </span>
     <span class='ocr_line' id='line_1_20' title="bbox 249 1904 815 1983; baseline -0.004 -18"><span class='ocrx_word' id='word_1_83' title='bbox 249 1904 455 1977; x_wconf 84' lang='lat' dir='ltr'>Exhauriebat‚</span> <span class='ocrx_word' id='word_1_84' title='bbox 479 1906 634 1983; x_wconf 83' lang='lat' dir='ltr'>ingemens</span> <span class='ocrx_word' id='word_1_85' title='bbox 656 1905 815 1975; x_wconf 84' lang='lat' dir='ltr'>laboribus,</span> 
     </span>
     <span class='ocr_line' id='line_1_21' title="bbox 297 1989 734 2068; baseline 0 -19"><span class='ocrx_word' id='word_1_86' title='bbox 297 1989 363 2060; x_wconf 84' lang='lat' dir='ltr'>Quo</span> <span class='ocrx_word' id='word_1_87' title='bbox 386 2000 487 2067; x_wconf 86' lang='lat' dir='ltr'>posset</span> <span class='ocrx_word' id='word_1_88' title='bbox 509 1990 638 2049; x_wconf 84' lang='lat' dir='ltr'>infossus</span> <span class='ocrx_word' id='word_1_89' title='bbox 659 2008 734 2068; x_wconf 90' lang='lat' dir='ltr'>puer</span> 
     </span>
     <span class='ocr_line' id='line_1_22' title="bbox 250 2073 870 2153; baseline 0 -20"><span class='ocrx_word' id='word_1_90' title='bbox 250 2073 354 2152; x_wconf 77' lang='lat' dir='ltr'>longo</span> <span class='ocrx_word' id='word_1_91' title='bbox 378 2073 424 2134; x_wconf 91' lang='lat' dir='ltr'>die</span> <span class='ocrx_word' id='word_1_92' title='bbox 446 2075 491 2134; x_wconf 89' lang='lat' dir='ltr'>bis</span> <span class='ocrx_word' id='word_1_93' title='bbox 513 2083 618 2150; x_wconf 86' lang='lat' dir='ltr'>terque</span> <span class='ocrx_word' id='word_1_94' title='bbox 640 2083 767 2134; x_wconf 82' lang='lat' dir='ltr'>mutatae</span> <span class='ocrx_word' id='word_1_95' title='bbox 789 2074 870 2153; x_wconf 91' lang='lat' dir='ltr'>dapis</span> 
     </span>
     <span class='ocr_line' id='line_1_23' title="bbox 297 2158 896 2237; baseline -0.002 -20"><span class='ocrx_word' id='word_1_96' title='bbox 297 2158 427 2219; x_wconf 90' lang='lat' dir='ltr'>lnemori</span> <span class='ocrx_word' id='word_1_97' title='bbox 450 2160 627 2237; x_wconf 80' lang='lat' dir='ltr'>spectaculo,</span> <span class='ocrx_word' id='word_1_98' title='bbox 893 2163 896 2168; x_wconf 82' lang='lat'>&#39;</span> 
     </span>
     <span class='ocr_line' id='line_1_24' title="bbox 178 2242 1014 2321; baseline -0.001 -19"><span class='ocrx_word' id='word_1_99' title='bbox 178 2253 207 2302; x_wconf 76' lang='lat'>35</span> <span class='ocrx_word' id='word_1_100' title='bbox 251 2242 324 2303; x_wconf 86' lang='lat' dir='ltr'>Cum</span> <span class='ocrx_word' id='word_1_101' title='bbox 346 2244 528 2321; x_wconf 80' lang='lat' dir='ltr'>promineret</span> <span class='ocrx_word' id='word_1_102' title='bbox 550 2262 611 2314; x_wconf 80' lang='lat' dir='ltr'>ore,</span> <span class='ocrx_word' id='word_1_103' title='bbox 636 2253 778 2321; x_wconf 86' lang='lat' dir='ltr'>quantum</span> <span class='ocrx_word' id='word_1_104' title='bbox 802 2251 918 2304; x_wconf 82' lang='lat' dir='ltr'>exstant</span> <span class='ocrx_word' id='word_1_105' title='bbox 940 2260 1014 2319; x_wconf 84' lang='lat' dir='ltr'>aqua</span> 
     </span>
     <span class='ocr_line' id='line_1_25' title="bbox 298 2328 733 2409; baseline 0.002 -22"><span class='ocrx_word' id='word_1_106' title='bbox 298 2328 447 2407; x_wconf 90' lang='lat' dir='ltr'>Suspensa</span> <span class='ocrx_word' id='word_1_107' title='bbox 470 2336 571 2388; x_wconf 86' lang='lat' dir='ltr'>mento</span> <span class='ocrx_word' id='word_1_108' title='bbox 594 2346 733 2409; x_wconf 86' lang='lat' dir='ltr'>corpora;</span> 
     </span>
     <span class='ocr_line' id='line_1_26' title="bbox 251 2411 879 2474; baseline -0.002 -2"><span class='ocrx_word' id='word_1_109' title='bbox 251 2411 373 2474; x_wconf 83' lang='lat' dir='ltr'>Exsecla</span> <span class='ocrx_word' id='word_1_110' title='bbox 396 2415 438 2474; x_wconf 86' lang='lat' dir='ltr'>uti</span> <span class='ocrx_word' id='word_1_111' title='bbox 462 2413 587 2473; x_wconf 90' lang='lat' dir='ltr'>medulla</span> <span class='ocrx_word' id='word_1_112' title='bbox 610 2422 640 2473; x_wconf 86' lang='lat' dir='ltr'>el</span> <span class='ocrx_word' id='word_1_113' title='bbox 661 2415 774 2474; x_wconf 92' lang='lat' dir='ltr'>aridum</span> <span class='ocrx_word' id='word_1_114' title='bbox 798 2413 879 2473; x_wconf 86' lang='lat' dir='ltr'>iecur</span> 
     </span>
     <span class='ocr_line' id='line_1_27' title="bbox 297 2499 682 2578; baseline 0 -20"><span class='ocrx_word' id='word_1_115' title='bbox 297 2500 412 2560; x_wconf 80' lang='lat' dir='ltr'>Amoris</span> <span class='ocrx_word' id='word_1_116' title='bbox 435 2508 512 2559; x_wconf 84' lang='lat' dir='ltr'>esset</span> <span class='ocrx_word' id='word_1_117' title='bbox 532 2499 682 2578; x_wconf 87' lang='lat' dir='ltr'>poculum,</span> 
     </span>
     <span class='ocr_line' id='line_1_28' title="bbox 250 2584 830 2645; baseline -0.002 -1"><span class='ocrx_word' id='word_1_118' title='bbox 250 2584 442 2644; x_wconf 77' lang='lat' dir='ltr'>interminato</span> <span class='ocrx_word' id='word_1_119' title='bbox 466 2603 532 2644; x_wconf 92' lang='lat' dir='ltr'>cum</span> <span class='ocrx_word' id='word_1_120' title='bbox 556 2586 647 2644; x_wconf 92' lang='lat' dir='ltr'>semel</span> <span class='ocrx_word' id='word_1_121' title='bbox 668 2586 741 2645; x_wconf 84' lang='lat' dir='ltr'>fixae</span> <span class='ocrx_word' id='word_1_122' title='bbox 764 2584 830 2644; x_wconf 91' lang='lat' dir='ltr'>cibo</span> 
     </span>
     <span class='ocr_line' id='line_1_29' title="bbox 143 2668 652 2748; baseline 0 -20"><span class='ocrx_word' id='word_1_123' title='bbox 143 2674 145 2678; x_wconf 85' lang='lat'>&#39;</span> <span class='ocrx_word' id='word_1_124' title='bbox 177 2678 207 2728; x_wconf 82' lang='lat'>40</span> <span class='ocrx_word' id='word_1_125' title='bbox 293 2668 494 2730; x_wconf 82' lang='lat' dir='ltr'>lntabuissent</span> <span class='ocrx_word' id='word_1_126' title='bbox 515 2669 652 2748; x_wconf 92' lang='lat' dir='ltr'>pupulae.</span> 
     </span>
     <span class='ocr_line' id='line_1_30' title="bbox 250 2753 788 2815; baseline -0.002 -2"><span class='ocrx_word' id='word_1_127' title='bbox 250 2753 316 2813; x_wconf 92' lang='lat' dir='ltr'>Non</span> <span class='ocrx_word' id='word_1_128' title='bbox 340 2755 468 2815; x_wconf 82' lang='lat' dir='ltr'>defuisse</span> <span class='ocrx_word' id='word_1_129' title='bbox 491 2755 635 2814; x_wconf 90' lang='lat' dir='ltr'>masculae</span> <span class='ocrx_word' id='word_1_130' title='bbox 658 2753 788 2814; x_wconf 88' lang='lat' dir='ltr'>libidinis</span> 
     </span>
     <span class='ocr_line' id='line_1_31' title="bbox 296 2839 656 2908; baseline 0.003 -12"><span class='ocrx_word' id='word_1_131' title='bbox 296 2839 512 2898; x_wconf 84' lang='lat' dir='ltr'>Ariminensem</span> <span class='ocrx_word' id='word_1_132' title='bbox 537 2839 656 2908; x_wconf 82' lang='lat' dir='ltr'>Foliam,</span> 
     </span>
     <span class='ocr_line' id='line_1_32' title="bbox 252 2921 709 3001; baseline 0.007 -21"><span class='ocrx_word' id='word_1_133' title='bbox 252 2921 289 2981; x_wconf 84' lang='lat' dir='ltr'>Et</span> <span class='ocrx_word' id='word_1_134' title='bbox 312 2923 403 2983; x_wconf 87' lang='lat' dir='ltr'>otiosa</span> <span class='ocrx_word' id='word_1_135' title='bbox 426 2923 550 2983; x_wconf 85' lang='lat' dir='ltr'>credidit</span> <span class='ocrx_word' id='word_1_136' title='bbox 571 2923 709 3001; x_wconf 88' lang='lat' dir='ltr'>Neapolis</span> 
     </span>
     <span class='ocr_line' id='line_1_33' title="bbox 299 3005 770 3086; baseline 0.004 -21"><span class='ocrx_word' id='word_1_137' title='bbox 299 3005 335 3067; x_wconf 87' lang='lat' dir='ltr'>Et</span> <span class='ocrx_word' id='word_1_138' title='bbox 358 3026 446 3066; x_wconf 90' lang='lat' dir='ltr'>omne</span> <span class='ocrx_word' id='word_1_139' title='bbox 468 3007 597 3066; x_wconf 87' lang='lat' dir='ltr'>vicinum</span> <span class='ocrx_word' id='word_1_140' title='bbox 621 3009 770 3086; x_wconf 79' lang='lat' dir='ltr'>oppidum,</span> 
     </span>
     <span class='ocr_line' id='line_1_34' title="bbox 180 3089 879 3160; baseline 0.004 -12"><span class='ocrx_word' id='word_1_141' title='bbox 180 3099 208 3148; x_wconf 75' lang='lat'>45</span> <span class='ocrx_word' id='word_1_142' title='bbox 252 3089 334 3160; x_wconf 83' lang='lat' dir='ltr'>Quae</span> <span class='ocrx_word' id='word_1_143' title='bbox 357 3091 451 3151; x_wconf 90' lang='lat' dir='ltr'>sidera</span> <span class='ocrx_word' id='word_1_144' title='bbox 475 3100 626 3152; x_wconf 74' lang='lat' dir='ltr'>excantata</span> <span class='ocrx_word' id='word_1_145' title='bbox 649 3112 719 3153; x_wconf 90' lang='lat' dir='ltr'>voce</span> <span class='ocrx_word' id='word_1_146' title='bbox 743 3093 879 3154; x_wconf 88' lang='lat' dir='ltr'>Thessala</span> 
     </span>
     <span class='ocr_line' id='line_1_35' title="bbox 296 3175 711 3255; baseline 0.005 -21"><span class='ocrx_word' id='word_1_147' title='bbox 296 3175 470 3255; x_wconf 87' lang='lat' dir='ltr'>Lunamque</span> <span class='ocrx_word' id='word_1_148' title='bbox 492 3176 572 3237; x_wconf 92' lang='lat' dir='ltr'>caelo</span> <span class='ocrx_word' id='word_1_149' title='bbox 595 3177 711 3255; x_wconf 73' lang='lat' dir='ltr'>deripit.</span> 
     </span>
     <span class='ocr_line' id='line_1_36' title="bbox 250 3259 834 3324; baseline 0.003 -6"><span class='ocrx_word' id='word_1_150' title='bbox 250 3259 305 3320; x_wconf 91' lang='lat' dir='ltr'>Hic</span> <span class='ocrx_word' id='word_1_151' title='bbox 328 3262 507 3323; x_wconf 81' lang='lat' dir='ltr'>inresectum</span> <span class='ocrx_word' id='word_1_152' title='bbox 531 3280 613 3322; x_wconf 87' lang='lat' dir='ltr'>saeva</span> <span class='ocrx_word' id='word_1_153' title='bbox 636 3263 724 3323; x_wconf 77' lang='lat' dir='ltr'>dente</span> <span class='ocrx_word' id='word_1_154' title='bbox 747 3263 834 3324; x_wconf 88' lang='lat' dir='ltr'>livido</span> 
     </span>
     <span class='ocr_line' id='line_1_37' title="bbox 299 3345 716 3426; baseline 0.005 -20"><span class='ocrx_word' id='word_1_155' title='bbox 299 3345 416 3407; x_wconf 85' lang='lat' dir='ltr'>Canidia</span> <span class='ocrx_word' id='word_1_156' title='bbox 439 3347 548 3407; x_wconf 91' lang='lat' dir='ltr'>rodens</span> <span class='ocrx_word' id='word_1_157' title='bbox 571 3347 716 3426; x_wconf 70' lang='lat' dir='ltr'>pollicem,</span> 
     </span>
     <span class='ocr_line' id='line_1_38' title="bbox 252 3426 1012 3510; baseline 0 -21"><span class='ocrx_word' id='word_1_158' title='bbox 252 3429 329 3501; x_wconf 86' lang='lat' dir='ltr'>Quid</span> <span class='ocrx_word' id='word_1_159' title='bbox 352 3433 425 3492; x_wconf 79' lang='lat' dir='ltr'>dixit</span> <span class='ocrx_word' id='word_1_160' title='bbox 447 3442 497 3493; x_wconf 86' lang='lat' dir='ltr'>aut</span> <span class='ocrx_word' id='word_1_161' title='bbox 519 3434 587 3510; x_wconf 81' lang='lat' dir='ltr'>qrrid</span> <span class='ocrx_word' id='word_1_162' title='bbox 612 3431 724 3493; x_wconf 79' lang='lat' dir='ltr'>tacuit?</span> <span class='ocrx_word' id='word_1_163' title='bbox 765 3426 803 3492; x_wconf 82' lang='lat'>‘0</span> <span class='ocrx_word' id='word_1_164' title='bbox 828 3432 916 3492; x_wconf 91' lang='lat' dir='ltr'>rebus</span> <span class='ocrx_word' id='word_1_165' title='bbox 938 3429 1012 3490; x_wconf 92' lang='lat' dir='ltr'>meis</span> 
     </span>
     <span class='ocr_line' id='line_1_39' title="bbox 178 3515 670 3590; baseline 0.008 -16"><span class='ocrx_word' id='word_1_166' title='bbox 178 3525 207 3574; x_wconf 78' lang='lat'>50</span> <span class='ocrx_word' id='word_1_167' title='bbox 292 3515 358 3575; x_wconf 89' lang='lat' dir='ltr'>Non</span> <span class='ocrx_word' id='word_1_168' title='bbox 382 3516 514 3578; x_wconf 89' lang='lat' dir='ltr'>infideles</span> <span class='ocrx_word' id='word_1_169' title='bbox 535 3517 670 3590; x_wconf 86' lang='lat' dir='ltr'>arbitrae‚</span> 
     </span>
     <span class='ocr_line' id='line_1_40' title="bbox 250 3599 871 3682; baseline 0.005 -22"><span class='ocrx_word' id='word_1_170' title='bbox 250 3599 314 3660; x_wconf 86' lang='lat' dir='ltr'>Nox</span> <span class='ocrx_word' id='word_1_171' title='bbox 338 3609 368 3661; x_wconf 88' lang='lat' dir='ltr'>et</span> <span class='ocrx_word' id='word_1_172' title='bbox 391 3601 493 3674; x_wconf 84' lang='lat' dir='ltr'>lliana,</span> <span class='ocrx_word' id='word_1_173' title='bbox 516 3620 590 3680; x_wconf 92' lang='lat' dir='ltr'>quae</span> <span class='ocrx_word' id='word_1_174' title='bbox 613 3602 761 3663; x_wconf 80' lang='lat' dir='ltr'>silentium</span> <span class='ocrx_word' id='word_1_175' title='bbox 785 3603 871 3682; x_wconf 78' lang='lat' dir='ltr'>regis,</span> 
     </span>
     <span class='ocr_line' id='line_1_41' title="bbox 297 3685 712 3761; baseline 0.007 -17"><span class='ocrx_word' id='word_1_176' title='bbox 297 3685 411 3747; x_wconf 78' lang='lat' dir='ltr'>Arcana</span> <span class='ocrx_word' id='word_1_177' title='bbox 434 3705 502 3747; x_wconf 93' lang='lat' dir='ltr'>cum</span> <span class='ocrx_word' id='word_1_178' title='bbox 524 3690 600 3746; x_wconf 85' lang='lat' dir='ltr'>liunt</span> <span class='ocrx_word' id='word_1_179' title='bbox 621 3707 712 3761; x_wconf 88' lang='lat' dir='ltr'>sacra,</span> 
     </span>
    </p>
   </div>
   <div class='ocr_carea' id='block_1_3' title="bbox 121 3787 1189 3953">
    <p class='ocr_par' dir='ltr' id='par_1_3' title="bbox 121 3787 1189 3953">
     <span class='ocr_line' id='line_1_42' title="bbox 124 3787 1189 3888; baseline -0.005 -16"><span class='ocrx_word' id='word_1_180' title='bbox 124 3787 325 3872; x_wconf 55' lang='lat' dir='ltr'>W</span> <span class='ocrx_word' id='word_1_181' title='bbox 342 3819 451 3884; x_wconf 82' lang='lat' dir='ltr'>inligata</span> <span class='ocrx_word' id='word_1_182' title='bbox 475 3819 479 3886; x_wconf 88' lang='grc' dir='ltr'>Ι</span> <span class='ocrx_word' id='word_1_183' title='bbox 501 3821 532 3871; x_wconf 86' lang='grc'>18</span> <span class='ocrx_word' id='word_1_184' title='bbox 553 3834 687 3884; x_wconf 89' lang='lat' dir='ltr'>cupressos</span> <span class='ocrx_word' id='word_1_185' title='bbox 711 3823 715 3888; x_wconf 87' lang='grc' dir='ltr'>Ι</span> <span class='ocrx_word' id='word_1_186' title='bbox 740 3824 769 3873; x_wconf 81' lang='lat'>21</span> <span class='ocrx_word' id='word_1_187' title='bbox 792 3828 835 3872; x_wconf 85' lang='lat' dir='ltr'>aut</span> <span class='ocrx_word' id='word_1_188' title='bbox 858 3820 862 3885; x_wconf 84' lang='grc'>1</span> <span class='ocrx_word' id='word_1_189' title='bbox 887 3820 919 3870; x_wconf 79' lang='grc'>28</span> <span class='ocrx_word' id='word_1_190' title='bbox 937 3818 1048 3870; x_wconf 89' lang='lat' dir='ltr'>Laurens</span> <span class='ocrx_word' id='word_1_191' title='bbox 1065 3819 1100 3871; x_wconf 87' lang='lat' dir='ltr'>N.</span> <span class='ocrx_word' id='word_1_192' title='bbox 1120 3821 1189 3870; x_wconf 78' lang='lat' dir='ltr'>Hein-</span> 
     </span>
     <span class='ocr_line' id='line_1_43' title="bbox 121 3887 438 3953; baseline 0.006 -18"><span class='ocrx_word' id='word_1_193' title='bbox 121 3888 177 3935; x_wconf 77' lang='lat' dir='ltr'>sius</span> <span class='ocrx_word' id='word_1_194' title='bbox 201 3887 205 3952; x_wconf 90' lang='grc' dir='ltr'>Ι</span> <span class='ocrx_word' id='word_1_195' title='bbox 230 3889 260 3938; x_wconf 76' lang='lat'>37</span> <span class='ocrx_word' id='word_1_196' title='bbox 280 3892 384 3939; x_wconf 77' lang='lat' dir='ltr'>exsucta</span> <span class='ocrx_word' id='word_1_197' title='bbox 402 3891 438 3953; x_wconf 80' lang='lat' dir='ltr'>(o)</span> 
     </span>
    </p>
   </div>
   <div class='ocr_carea' id='block_1_4' title="bbox 0 0 1324 4372">
    <p class='ocr_par' dir='ltr' id='par_1_4' title="bbox 0 0 1324 4372">
     <span class='ocr_line' id='line_1_44' title="bbox 0 0 1324 4372; baseline 0 0"><span class='ocrx_word' id='word_1_198' title='bbox 0 0 1324 4372; x_wconf 95' lang='lat' dir='ltr'> </span> 
     </span>
    </p>
   </div>
  </div>
 </body>
</html>
