2640 4372
131 200 194 261 182
535 200 726 255 snrfflauull
743 201 762 253 ll
780 205 805 256 8.

213 376 251 435 Ut
273 376 371 447 modo,
393 374 418 435 si
439 374 568 453 patinam
591 374 666 451 pede
690 374 789 452 lapsus
811 375 928 453 frangat
949 393 1048 454 agaso,

217 460 273 521 Sed
296 460 499 528 convivatoris,
522 459 565 518 uti
587 459 679 530 ducis,
703 460 854 537 ingenium
878 479 927 521 res

213 544 357 606 Advorsae
379 545 491 605 nudare
513 545 620 611 solent
643 544 737 604 celare
759 539 936 605 secundae.''

128 641 158 691 '15
216 629 392 691 Nasidienus
413 629 449 689 ad
471 630 543 689 baec
562 622 641 689 “tibi
664 629 702 703 di,
727 647 932 708 quaecumque
954 631 1093 709 preceris,

212 715 371 776 Commoda
393 715 473 781 dent,
495 715 534 774 ita
558 713 720 775 virbonus
742 733 774 775 es
795 716 977 795 convivaque
1000 710 1120 788 comis‚'’

212 799 249 860 Et
271 801 366 861 soleas
388 800 491 880 poscit.
535 798 609 858 Tum
633 800 662 859 in
687 800 762 860 lecto
786 818 904 877 quoque
927 800 1043 863 rideres

212 885 342 946 Stridere
363 895 477 946 secreta
499 884 605 945 divisos
627 902 698 945 aure
721 879 878 945 susurros?

211 971 315 1032 Nullos
336 970 382 1031 bis
403 969 519 1030 mallem
542 969 626 1029 ludos
648 978 813 1047 spectasse;
838 969 889 1030 sed
912 970 959 1031 illa

214 1056 324 1126 Redde,
347 1073 410 1133 age,
433 1073 509 1132 quae
531 1053 671 1132 deinceps
693 1055 791 1116 risisti.
824 1047 972 1117 ‘Vibidius
994 1055 1066 1114 dum

213 1140 334 1210 Quaerit
356 1140 393 1200 de
415 1139 525 1218 pueris,
549 1157 620 1199 num
643 1139 681 1199 sit
702 1158 822 1217 quoque
843 1141 936 1201 fracta
958 1140 1092 1219 lagoena,

211 1225 297 1295 Quod
319 1225 374 1286 sibi
396 1224 531 1303 poscenti
555 1243 615 1284 non
638 1224 746 1284 dantur
771 1225 884 1303 pocula,
908 1226 1040 1304 dumque

211 1310 337 1370 Ridetur
357 1309 433 1370 fictis
455 1327 554 1368 rerum
576 1309 733 1369 Balatrone
756 1310 896 1381 secundo,

213 1394 379 1468 Nasidiene‚
402 1395 480 1454 redis
502 1403 629 1454 mutatae
652 1395 769 1466 frontis,
794 1404 826 1454 ut
848 1405 910 1455 arte

213 1479 433 1541 Emendaturus
455 1480 618 1554 fortunam3
641 1479 748 1540 deinde
770 1481 883 1562 secuti¹

210 1565 384 1626 llazonomo
405 1565 491 1645 pueri
513 1582 621 1644 magno
644 1564 788 1644 discerpta
812 1566 942 1625 serentes

210 1651 342 1711 llembra
363 1652 444 1728 gruis
466 1650 561 1730 sparsi
583 1650 643 1710 sale
665 1649 766 1721 multo,
790 1668 851 1710 non
874 1651 938 1711 siue
960 1650 1048 1718 larre,

210 1736 373 1814 Pinguibus
394 1744 424 1796 et
445 1736 508 1796 ficis
530 1745 644 1815 pastum
667 1736 749 1795 iecur
771 1735 883 1796 anseris
904 1734 986 1795 albae

210 1821 248 1881 Et
269 1822 405 1900 leporum
427 1821 552 1891 avulsos,
574 1830 607 1881 ut
630 1821 721 1880 multo
744 1820 870 1890 suavius,
893 1838 1001 1890 armna,

210 1904 304 1976 Quam
326 1906 350 1967 si
373 1923 441 1965 cum
462 1904 571 1965 lumbis
592 1906 659 1982 quis
681 1904 749 1965 edit.
794 1905 868 1965 Tum
892 1916 1013 1984 pectore
1035 1905 1135 1966 adusto

210 1989 342 2051 Vidimus
363 1997 392 2048 et
414 1989 541 2051 merulas
563 1991 635 2068 poni
659 1999 688 2050 et
710 1991 775 2051 sine
797 1990 885 2051 clune
906 1991 1061 2070 palumbis,

210 2073 313 2134 Suavis
335 2093 392 2145 res,
415 2074 440 2134 si
462 2092 522 2134 non
547 2092 649 2133 musas
671 2085 805 2135 narraret
827 2092 927 2136 earum
950 2085 980 2135 et

212 2158 339 2219 Naturas
360 2158 508 2231 dominus,
530 2176 619 2236 quem
642 2176 697 2219 nos
719 2160 762 2220 sic
784 2161 913 2238 sugimus
936 2160 999 2232 ulti,

209 2241 248 2302 Ut
270 2242 488 2303 nihilomnino
510 2252 705 2321 gustaremus,
727 2244 807 2305 velut
830 2244 886 2306 illis

211 2327 330 2388 Canidia
352 2328 485 2389 addasset
507 2329 592 2406 peior
613 2330 803 2408 serpentibus
825 2320 919 2390 Afris?

209 2511 261 2564 Vlll
279 2530 304 2566 o.
324 2517 355 2565 75
374 2514 485 2579 precaris
501 2515 504 2580 Ι
521 2515 554 2565 82
573 2513 664 2564 dentur
678 2513 683 2578 Ι
699 2515 731 2566 88
749 2513 832 2577 albae]
851 2515 887 2564 B·
904 2517 954 2576 (ot:
972 2514 1024 2565 albi
1039 2515 1043 2579 Ι
1058 2517 1091 2569 95
1111 2512 1164 2564 anie
