2640 4372
476 195 648 249 etiamnum
665 196 694 248 lll
712 200 752 254 tt.
771 201 812 252 tr.
833 201 874 252 23.

266 368 330 429 Non
355 367 412 440 ille,
428 386 604 445 quamquam
628 368 783 431 Socraticis
804 370 901 432 madet

266 452 469 525 Semonibus,
493 461 521 513 te
545 452 681 532 negleget
702 453 857 528 horridus;

312 539 454 598 Narratur
476 547 505 598 et
527 538 613 616 prisci
639 537 756 599 Catonis

364 622 458 701 Saepe
480 640 563 682 mero
586 623 709 684 caluisse
731 623 831 684 virtus.

266 740 311 799 Tu
333 740 400 800 lene
422 748 603 801 tormentum
625 741 746 820 ingenio
769 742 904 804 admoves

266 824 443 903 Plerumque
464 826 549 897 duro,
571 834 604 885 tu
626 825 802 904 sapientium

312 909 402 970 Coras
425 917 454 969 et
475 927 616 971 arcanum
638 911 738 971 iocoso

364 993 525 1055 Consilium
549 996 657 1073 retegis
679 995 785 1075 Lyaeo,

264 1111 309 1171 Tu
331 1130 415 1192 spem
437 1113 553 1174 reducis
574 1112 723 1174 mentibus
745 1113 853 1174 anxiis

265 1196 399 1275 Virisque
422 1207 452 1258 et
473 1197 554 1258 addis
576 1216 688 1258 cornua
711 1198 835 1278 pauperi

311 1282 382 1342 Post
405 1290 554 1360 teneque
577 1282 666 1343 iratos
686 1283 826 1343 trementi

364 1366 476 1444 Regum
499 1366 597 1445 apices
621 1385 718 1444 neque
739 1367 865 1428 militum
888 1384 982 1427 arma:

265 1482 307 1543 Te
329 1482 418 1543 liber
440 1493 469 1542 et
491 1484 516 1544 si
538 1484 611 1543 laeta
633 1485 726 1544 aderit
747 1485 848 1546 Venus

269 1565 441 1646 Segnesque
465 1569 575 1628 nodum
598 1569 711 1628 solvere
733 1569 850 1629 Gratiae

315 1652 458 1728 Vivaeqno
480 1653 646 1731 producent
668 1653 815 1727 lucernae,

361 1736 437 1795 Dum
460 1736 576 1797 rediens
598 1737 679 1814 lugat
700 1748 777 1798 astra
799 1736 944 1798 Phoebus.

264 2103 409 2166 Montium
431 2114 530 2167 custos
553 2125 777 2187 nemorumque,
800 2108 891 2188 virgo,

265 2188 347 2259 Quae
370 2189 531 2252 laborantis
554 2200 638 2252 utero
662 2195 773 2272 puellas

263 2272 322 2334 Ter
344 2284 444 2335 vocata
466 2275 547 2337 andIs
570 2277 731 2357 adimisque
753 2280 822 2350 leto,

339 2360 408 2420 Dira
430 2359 581 2435 triformis,

263 2475 417 2537 inminens
438 2477 521 2536 villae
543 2486 592 2537 tua
615 2479 704 2556 pinus
727 2489 800 2550 esto,

265 2559 360 2629 Quam
383 2579 438 2638 per
460 2570 577 2621 exactos
599 2579 653 2640 ego
676 2561 769 2622 laetus
791 2580 885 2622 annos

264 2643 363 2705 Verris
386 2643 539 2721 obliquum
561 2645 727 2706 meditantis
749 2647 840 2706 ictum

341 2729 492 2808 Sanguine
512 2729 630 2789 donem.

629 2980 723 3041 XXIII

265 3099 350 3160 Caelo
373 3102 494 3181 supinas
516 3101 540 3161 si
563 3100 665 3160 tuleris
688 3118 793 3160 manus

264 3185 408 3246 Nascente
430 3187 510 3260 luna,
533 3186 641 3246 rustica
664 3184 792 3263 Phidyle,

311 3269 340 3329 Si
363 3280 428 3330 ture
450 3271 574 3350 placaris
596 3280 625 3330 et
647 3270 742 3329 horna

360 3353 457 3433 Fruge
479 3355 561 3416 Laris
584 3355 724 3432 avidaque
746 3371 846 3432 porca,

265 3471 325 3530 Nec
348 3472 533 3549 pestilentem
555 3473 662 3533 sentiet
684 3471 815 3532 Africum

263 3554 400 3616 Fecunda
424 3557 488 3617 vitis
511 3576 567 3617 nec
589 3557 718 3618 sterilem
740 3575 825 3636 seges

309 3640 486 3718 Robiginem
509 3653 558 3702 aut
581 3642 681 3702 dulces
702 3642 813 3701 alumni

360 3726 508 3787 Pomilero
531 3745 618 3805 grave
640 3737 757 3805 tempus
780 3745 868 3786 anno.

137 3826 341 3836 ———-

221 3858 278 3911 XXI
297 3876 320 3911 o.
342 3863 372 3913 10
391 3858 523 3927 neglegit!
541 3860 572 3912 12
589 3858 726 3910 incaluisse
744 3858 813 3909 Mor.
832 3856 901 3908 Vict.
922 3855 952 3905 Vl
967 3870 995 3919 p.
1016 3854 1073 3916 159,
1091 3852 1123 3902 33
1144 3849 1171 3902 tt
