2640 4372
473 237 662 292 SA'l'lRARUbl
680 239 701 291 ll
719 241 743 294 2.

164 411 264 473 llilitia
287 411 438 472 adsuetum
463 412 605 488 graecari,
628 431 680 472 scu
703 411 761 490 pila
784 411 865 472 velox

163 496 290 558 Molliter
312 504 460 557 austerum
483 497 580 557 studio
603 497 721 557 fallente
743 496 873 557 laborem

163 583 221 644 Seu
243 590 272 642 te
295 581 393 642 discus
415 581 483 659 agit,
506 593 574 660 pete
596 581 750 642 cedentem
774 601 841 642 acra
864 583 945 643 disco
961 617 985 654 -,

163 667 235 729 Cum
259 666 342 727 labor
364 665 510 726 extuderit
531 667 653 739 fastidia,
676 667 783 742 siccus,
806 667 903 728 inanis

162 753 277 833 Sperne
301 751 399 812 cibum
421 751 515 823 rilem,
540 752 596 812 nisi
619 751 764 830 Hymettia
787 753 872 812 mella
896 752 1020 812 Falerno
1122 762 1149 813 lt

161 837 204 898 Ne
226 837 338 898 biberis
360 836 459 898 diluta.
504 836 588 897 Foris
611 847 655 896 est
677 856 799 915 promus
821 848 850 897 et
871 848 967 898 atrum

160 922 331 983 Defendens
352 921 442 1000 piscis
464 922 572 982 hiemat
594 940 688 981 mare:
711 941 778 982 cum
801 923 860 982 sale
882 923 968 1001 panis

160 1007 329 1068 Latrantem
352 1007 536 1067 stomachum
559 1007 636 1067 bene
659 1007 759 1067 leniet.
805 1008 888 1067 Unde
912 1017 997 1086 putas
1020 1018 1070 1069 aut

163 1091 221 1164 Qui
244 1089 384 1171 partum?
408 1111 468 1151 non
492 1093 521 1151 in
546 1110 615 1151 caro
639 1091 743 1151 nidore
766 1093 900 1171 voluptas

161 1176 290 1249 Summa,
314 1178 364 1238 sed
389 1177 418 1236 in
442 1185 471 1236 te
494 1178 557 1256 ipsc
580 1186 632 1237 est.
671 1177 715 1236 Tu
739 1178 933 1255 pulmentaria
958 1195 1065 1254 quaere
1119 1188 1147 1238 bt

160 1262 316 1335 Sudando;
338 1262 479 1342 pinguem
503 1262 577 1322 vitiis
600 1262 757 1339 albumque
782 1282 878 1341 neque
902 1275 997 1323 ostrea

159 1347 219 1408 Nec
242 1365 344 1408 scarus
366 1357 417 1407 aut
437 1347 546 1426 poterit
569 1346 725 1425 peregrina
749 1348 847 1408 iurare
869 1348 971 1426 lagois.

159 1432 212 1493 vix
234 1440 332 1493 tamen
356 1432 489 1510 eripiam,
512 1434 608 1510 posito
630 1451 744 1511 pavone
767 1433 835 1492 velis
858 1435 927 1509 quin

158 1517 223 1579 Hoc
245 1519 343 1596 potius
365 1536 454 1595 quam
476 1517 582 1596 gallina
604 1527 720 1595 tergere
744 1519 882 1596 palatum,

159 1602 323 1682 Corruptus
344 1603 426 1662 ranis
449 1620 558 1675 rerum,
582 1603 649 1679 quia
672 1612 776 1661 veneat
799 1621 870 1662 auro
1116 1610 1146 1662 25

158 1688 233 1749 Rara
256 1687 316 1748 avis
339 1695 368 1748 et
390 1688 466 1766 picta
491 1688 598 1766 pandat
619 1687 785 1765 spectacula
809 1689 909 1759 cauda,

158 1773 319 1852 Tamquam
336 1773 370 1832 ad
387 1790 449 1832 rem
466 1773 587 1833 attineat
602 1773 770 1850 quicquam.
804 1773 879 1832 Num
896 1773 1022 1833 vesceris
1038 1772 1102 1847 ista,

159 1857 254 1928 Quam
277 1857 387 1930 laudas,
410 1856 530 1936 pluma?
554 1867 639 1917 cocto
664 1877 735 1917 num
758 1859 839 1919 adest
861 1859 958 1918 bonor
981 1857 1080 1920 idem?

158 1942 250 2004 Carne
273 1953 370 2003 tamen
394 1943 525 2019 quamvis
547 1942 633 2003 distat
656 1943 698 2002 nil
720 1943 774 2002 hac
797 1943 889 2021 magis
911 1944 969 2017 illa,
1146 2009 1150 2015 ‚

155 2027 322 2108 imparibus
344 2028 446 2088 formis
468 2030 623 2106 deceptum
647 2037 676 2088 te
699 2038 801 2106 petere
824 2038 896 2100 esto,
1116 2039 1144 2089 tu

155 2112 240 2174 Unde
263 2113 362 2173 datum
385 2114 486 2186 sentis,
509 2114 596 2191 lupus
618 2114 667 2174 hic
690 2113 848 2175 Tiberinus
870 2133 907 2174 an
931 2113 989 2173 alto

156 2198 265 2278 Captus
287 2196 369 2259 hiet?
391 2199 531 2276 pontisne
555 2199 633 2259 inter
654 2200 777 2259 iactatus
800 2218 836 2258 an
859 2200 955 2260 amnis

156 2282 236 2345 Ostia
259 2283 314 2344 sub
336 2281 449 2344 Tusci?
493 2283 615 2357 Laudas,
639 2284 751 2355 insane,
776 2284 918 2344 trilibrem

156 2368 288 2440 llullum,
312 2370 341 2429 in
366 2368 482 2448 singula
505 2387 593 2445 quem
617 2370 734 2428 minuas
763 2368 914 2446 pulmenta
945 2387 1066 2431 neccsse
1089 2379 1142 2430 est.

156 2453 242 2515 [lucit
263 2461 292 2513 te
314 2454 438 2531 specics,
462 2454 556 2512 video.
594 2454 659 2522 Quo
683 2454 813 2531 pertinet
835 2472 906 2532 ergo
1115 2464 1143 2512 35

155 2539 299 2600 Procerus
322 2538 417 2599 odisse
440 2535 550 2616 lupos?
574 2538 641 2615 quia
664 2537 776 2597 scilicet
797 2536 853 2596 illis

156 2623 296 2685 llaiorcm
321 2632 425 2683 natura
450 2622 568 2682 modum
592 2622 680 2696 dedit,
705 2623 749 2682 his
771 2621 859 2681 breve
882 2620 1008 2700 pondus

155 2708 276 2770 leiunus
299 2727 366 2768 raro
390 2708 559 2768 stomachus
581 2668 707 2785 volgadia
731 2707 845 2766 temnit.

150 2787 337 2855 ‘Porrectum
361 2812 469 2871 magno
492 2811 631 2870 magnum
655 2800 788 2871 spectare
812 2791 909 2851 catino

154 2869 272 2939 Vellem‘
299 2879 339 2938 ait
361 2878 497 2958 Harpyiis
520 2879 586 2957 gula
610 2878 698 2956 digna
722 2877 886 2955 rapacibus.
925 2877 962 2935 At
950 2884 1035 2936 tvos
1113 2887 1143 2936 to

153 2965 337 3037 Praesentes,
353 2964 461 3037 Austri,
477 2963 595 3041 coquite
610 2963 716 3022 horum
733 2963 866 3023 obsonia.
901 2960 1084 3040 Quamquam

154 3049 241 3110 Putet
262 3067 334 3128 aper
356 3049 558 3127 rhombusque
580 3066 695 3119 recens,
719 3048 793 3108 mala
816 3047 900 3126 copia
924 3047 1041 3125 quando

107 3333 190 3368 unum
208 3333 253 3370 seu
272 3326 298 3369 te
317 3317 402 3369 discus
421 3318 474 3383 agit
492 3317 576 3369 studio
590 3317 696 3367 fallente
708 3315 823 3366 laborem
836 3319 976 3367 contraxit
987 3317 1046 3366 ΕΡ
1055 3317 1140 3381 (prob.

112 3385 170 3436 lect.
191 3386 286 3437 Hor.)
269 3405 295 3451 p.
316 3390 425 3452 lbbcq,
444 3386 505 3436 adn.
526 3387 565 3439 ed.
585 3402 609 3435 a.
630 3387 704 3446 1879,
722 3383 771 3448 Mc,
790 3383 908 3450 Spayero
927 3387 979 3434 obs.
999 3389 1024 3434 et
1041 3383 1140 3434 emend.

111 3455 220 3518 auaqq)
245 3454 365 3519 equidem
383 3457 472 3519 potius
490 3455 636 3518 crederem,
662 3468 765 3502 versum
788 3468 873 3502 unum
892 3453 1042 3502 addendum
1061 3467 1141 3517 quam

107 3522 223 3572 nandum
241 3539 311 3585 esoe,·
327 3539 351 3573 v.
373 3525 403 3575 13
423 3522 609 3588 (pete—disco)
626 3492 727 3572 'HVAK
746 3520 750 3584 Ι
777 3522 809 3572 28
828 3519 899 3571 color
923 3523 926 3583 l
955 3522 986 3572 23
1006 3534 1082 3585 quam
1100 3519 1140 3569 vis

107 3590 339 3653 Doederioim'us,
359 3591 479 3654 Madet·
452 3606 512 3638 varas
529 3591 588 3640 adv.
608 3591 670 3641 crit.
651 3589 700 3647 tl,
722 3589 778 3650 102,
800 3597 808 3634 t
813 3591 886 3652 ,qui
904 3588 984 3651 magis
1001 3603 1051 3651 pro
1065 3587 1142 3637 lance

107 3661 205 3722 optant
230 3664 292 3722 port
313 3659 334 3712 I.
352 3660 385 3708 A
406 3656 592 3722 Sobaefcrum,
621 3657 649 3709 G
669 3656 886 3736 (Gottiingium‘lt
904 3659 955 3705 act.
975 3655 1024 3704 litt.
1043 3655 1096 3706 Ian.
1115 3671 1139 3705 a.

107 3727 142 3786 l'i,
170 3728 263 3793 alep
265 3728 357 3791 .273),
388 3725 586 3788 Tbortaenium,
616 3730 641 3775 et
667 3726 752 3792 quiuis
779 3729 783 3790 1
810 3725 905 3775 bacco
934 3725 937 3787 Ι
965 3725 997 3774 29
1009 3739 1047 3788 sq
1067 3722 1140 3784 ,hanc

109 3795 148 3860 gis
166 3794 245 3846 illai.
242 3743 281 3845 pi.
300 3794 324 3846 d
344 3799 369 3846 te
387 3800 474 3860 petere
494 3798 564 3844 esto
582 3795 727 3844 secundum
744 3795 840 3859 Porpb,
852 3792 904 3843 AK
915 3794 919 3858 l
935 3792 1004 3842 illam
1026 3795 1030 3858 Ι
1051 3792 1083 3843 30
1096 3805 1141 3857 pa

120 3860 242 3928 lpeterel
260 3867 329 3914 esto.
347 3866 378 3925 (a
392 3865 408 3925 l)
426 3868 452 3912 ot
469 3866 548 3940 patet.
568 3866 633 3913 esto.
653 3864 682 3925 (a.
696 3861 766 3925 ..tat
783 3863 787 3928 Ι
809 3864 841 3913 38
859 3861 902 3924 []
920 3862 1004 3912 Beati.
1023 3862 1060 3911 ad
1077 3875 1139 3926 amp

109 3931 172 3992 3373
191 3931 218 3994 [l
236 3930 276 3981 Me
292 3931 296 3996 Ι
312 3945 367 3982 rare
385 3931 420 3994 (o)
438 3930 487 3980 rari
506 3932 540 3995 (v)
558 3930 621 3981 raris
639 3930 673 3993 (v)
689 3929 693 3996 Ι
709 3931 741 3981 42
760 3930 852 3992 male(
843 3931 877 3994 (a)
