<?xml version="1.0" encoding="UTF-8"?>
<!DOCTYPE html PUBLIC "-//W3C//DTD XHTML 1.0 Transitional//EN"
    "http://www.w3.org/TR/xhtml1/DTD/xhtml1-transitional.dtd">
<html xmlns="http://www.w3.org/1999/xhtml" xml:lang="en" lang="en">
 <head>
  <title>
</title>
<meta http-equiv="Content-Type" content="text/html;charset=utf-8" />
  <meta name='ocr-system' content='tesseract 3.04.00' />
  <meta name='ocr-capabilities' content='ocr_page ocr_carea ocr_par ocr_line ocrx_word'/>
</head>
<body>
  <div class='ocr_page' id='page_1' title='image "./qhoratiiflaccic01hertgoog_0196.png"; bbox 0 0 2640 4372; ppageno 0'>
   <div class='ocr_carea' id='block_1_1' title="bbox 177 925 947 1022">
    <p class='ocr_par' dir='ltr' id='par_1_1' title="bbox 177 925 947 1022">
     <span class='ocr_line' id='line_1_1' title="bbox 177 925 947 1022; baseline 0.003 -2"><span class='ocrx_word' id='word_1_1' title='bbox 177 925 947 1022; x_wconf 52' lang='lat' dir='ltr'>‘EPISTULARUM</span> 
     </span>
    </p>
   </div>
   <div class='ocr_carea' id='block_1_2' title="bbox 460 1124 701 1178">
    <p class='ocr_par' dir='ltr' id='par_1_2' title="bbox 460 1124 701 1178">
     <span class='ocr_line' id='line_1_2' title="bbox 460 1124 701 1178; baseline 0 -2"><span class='ocrx_word' id='word_1_2' title='bbox 460 1125 554 1177; x_wconf 80' lang='lat' dir='ltr'>LIBER</span> <span class='ocrx_word' id='word_1_3' title='bbox 573 1124 701 1178; x_wconf 75' lang='lat' dir='ltr'>Patmos,</span> 
     </span>
    </p>
   </div>
   <div class='ocr_carea' id='block_1_3' title="bbox 573 1297 585 1357">
    <p class='ocr_par' dir='ltr' id='par_1_3' title="bbox 573 1297 585 1357">
     <span class='ocr_line' id='line_1_3' title="bbox 573 1297 585 1357; baseline 0 0"><span class='ocrx_word' id='word_1_4' title='bbox 573 1297 585 1357; x_wconf 98' lang='lat' dir='ltr'>l</span> 
     </span>
    </p>
   </div>
   <div class='ocr_carea' id='block_1_4' title="bbox 122 1415 1193 3707">
    <p class='ocr_par' dir='ltr' id='par_1_4' title="bbox 126 1415 867 1489">
     <span class='ocr_line' id='line_1_4' title="bbox 126 1415 867 1489; baseline 0 -14"><span class='ocrx_word' id='word_1_5' title='bbox 126 1415 224 1478; x_wconf 87' lang='lat' dir='ltr'>Prima</span> <span class='ocrx_word' id='word_1_6' title='bbox 246 1417 323 1477; x_wconf 91' lang='lat' dir='ltr'>dicte</span> <span class='ocrx_word' id='word_1_7' title='bbox 346 1416 426 1489; x_wconf 81' lang='lat' dir='ltr'>mint,</span> <span class='ocrx_word' id='word_1_8' title='bbox 449 1435 562 1476; x_wconf 90' lang='lat' dir='ltr'>summa</span> <span class='ocrx_word' id='word_1_9' title='bbox 584 1417 708 1477; x_wconf 86' lang='lat' dir='ltr'>dicende</span> <span class='ocrx_word' id='word_1_10' title='bbox 732 1416 867 1488; x_wconf 83' lang='lat' dir='ltr'>Camena,</span> 
     </span>
    </p>

    <p class='ocr_par' dir='ltr' id='par_1_5' title="bbox 128 1499 935 1581">
     <span class='ocr_line' id='line_1_5' title="bbox 128 1499 935 1581; baseline 0.004 -21"><span class='ocrx_word' id='word_1_11' title='bbox 128 1499 298 1581; x_wconf 83' lang='lat' dir='ltr'><strong>Spectatum</strong></span> <span class='ocrx_word' id='word_1_12' title='bbox 322 1502 391 1562; x_wconf 91' lang='lat' dir='ltr'>satis</span> <span class='ocrx_word' id='word_1_13' title='bbox 414 1512 443 1561; x_wconf 87' lang='lat' dir='ltr'>et</span> <span class='ocrx_word' id='word_1_14' title='bbox 464 1502 605 1562; x_wconf 89' lang='lat' dir='ltr'>donatum</span> <span class='ocrx_word' id='word_1_15' title='bbox 629 1502 686 1561; x_wconf 90' lang='lat' dir='ltr'>iam</span> <span class='ocrx_word' id='word_1_16' title='bbox 708 1501 781 1561; x_wconf 89' lang='lat' dir='ltr'>rude</span> <span class='ocrx_word' id='word_1_17' title='bbox 805 1502 935 1579; x_wconf 85' lang='lat' dir='ltr'>quaeris,</span> 
     </span>
    </p>

    <p class='ocr_par' dir='ltr' id='par_1_6' title="bbox 125 1585 912 1665">
     <span class='ocr_line' id='line_1_6' title="bbox 125 1585 912 1665; baseline -0.001 -19"><span class='ocrx_word' id='word_1_18' title='bbox 125 1585 289 1659; x_wconf 81' lang='lat' dir='ltr'><strong>Maecenas,</strong></span> <span class='ocrx_word' id='word_1_19' title='bbox 312 1586 419 1646; x_wconf 92' lang='lat' dir='ltr'>iterum</span> <span class='ocrx_word' id='word_1_20' title='bbox 443 1588 564 1665; x_wconf 90' lang='lat' dir='ltr'>antiquo</span> <span class='ocrx_word' id='word_1_21' title='bbox 588 1606 634 1647; x_wconf 93' lang='lat' dir='ltr'>me</span> <span class='ocrx_word' id='word_1_22' title='bbox 657 1587 809 1647; x_wconf 81' lang='lat' dir='ltr'>includere</span> <span class='ocrx_word' id='word_1_23' title='bbox 832 1587 912 1648; x_wconf 91' lang='lat' dir='ltr'>ludo.</span> 
     </span>
    </p>

    <p class='ocr_par' dir='ltr' id='par_1_7' title="bbox 126 1670 988 1742">
     <span class='ocr_line' id='line_1_7' title="bbox 126 1670 988 1742; baseline 0.001 -10"><span class='ocrx_word' id='word_1_24' title='bbox 126 1670 192 1732; x_wconf 91' lang='lat' dir='ltr'>Non</span> <span class='ocrx_word' id='word_1_25' title='bbox 216 1672 316 1732; x_wconf 91' lang='lat' dir='ltr'>eadem</span> <span class='ocrx_word' id='word_1_26' title='bbox 340 1680 494 1742; x_wconf 77' lang='lat' dir='ltr'>ostentas,</span> <span class='ocrx_word' id='word_1_27' title='bbox 518 1691 578 1731; x_wconf 90' lang='grc'>333</span> <span class='ocrx_word' id='word_1_28' title='bbox 603 1691 696 1732; x_wconf 90' lang='lat' dir='ltr'>mens.</span> <span class='ocrx_word' id='word_1_29' title='bbox 742 1672 879 1732; x_wconf 82' lang='lat' dir='ltr'>Veianius</span> <span class='ocrx_word' id='word_1_30' title='bbox 900 1674 988 1734; x_wconf 91' lang='lat' dir='ltr'>armis</span> 
     </span>
    </p>

    <p class='ocr_par' dir='ltr' id='par_1_8' title="bbox 128 1755 1115 1836">
     <span class='ocr_line' id='line_1_8' title="bbox 128 1755 1115 1836; baseline 0.002 -20"><span class='ocrx_word' id='word_1_31' title='bbox 128 1755 264 1818; x_wconf 87' lang='lat' dir='ltr'>Herculis</span> <span class='ocrx_word' id='word_1_32' title='bbox 286 1757 319 1816; x_wconf 92' lang='lat' dir='ltr'>ad</span> <span class='ocrx_word' id='word_1_33' title='bbox 344 1765 458 1835; x_wconf 87' lang='lat' dir='ltr'>postem</span> <span class='ocrx_word' id='word_1_34' title='bbox 483 1757 547 1816; x_wconf 83' lang='lat' dir='ltr'>lixis</span> <span class='ocrx_word' id='word_1_35' title='bbox 570 1757 639 1816; x_wconf 88' lang='lat' dir='ltr'>latet</span> <span class='ocrx_word' id='word_1_36' title='bbox 661 1756 778 1818; x_wconf 91' lang='lat' dir='ltr'>abditus</span> <span class='ocrx_word' id='word_1_37' title='bbox 800 1775 880 1836; x_wconf 91' lang='grc'><strong>3333</strong></span> <span class='ocrx_word' id='word_1_38' title='bbox 1101 1771 1115 1818; x_wconf 72' lang='lat' dir='ltr'>a</span> 
     </span>
    </p>

    <p class='ocr_par' dir='ltr' id='par_1_9' title="bbox 126 1841 888 1922">
     <span class='ocr_line' id='line_1_9' title="bbox 126 1841 888 1922; baseline 0 -20"><span class='ocrx_word' id='word_1_39' title='bbox 126 1841 168 1902; x_wconf 90' lang='lat' dir='ltr'>Ne</span> <span class='ocrx_word' id='word_1_40' title='bbox 191 1841 335 1922; x_wconf 92' lang='lat' dir='ltr'>populum</span> <span class='ocrx_word' id='word_1_41' title='bbox 359 1850 487 1902; x_wconf 85' lang='lat' dir='ltr'>extrema</span> <span class='ocrx_word' id='word_1_42' title='bbox 511 1842 621 1902; x_wconf 86' lang='lat' dir='ltr'>totiens</span> <span class='ocrx_word' id='word_1_43' title='bbox 644 1851 746 1903; x_wconf 84' lang='lat' dir='ltr'>exoret</span> <span class='ocrx_word' id='word_1_44' title='bbox 769 1842 888 1902; x_wconf 89' lang='lat' dir='ltr'>harena.</span> 
     </span>
    </p>

    <p class='ocr_par' dir='ltr' id='par_1_10' title="bbox 126 1925 938 2006">
     <span class='ocr_line' id='line_1_10' title="bbox 126 1925 938 2006; baseline -0.001 -20"><span class='ocrx_word' id='word_1_45' title='bbox 126 1925 179 1987; x_wconf 87' lang='lat' dir='ltr'>Est</span> <span class='ocrx_word' id='word_1_46' title='bbox 200 1927 271 1988; x_wconf 91' lang='lat' dir='ltr'>mibi</span> <span class='ocrx_word' id='word_1_47' title='bbox 294 1935 445 2005; x_wconf 82' lang='lat' dir='ltr'>purgatam</span> <span class='ocrx_word' id='word_1_48' title='bbox 470 1927 577 1987; x_wconf 90' lang='lat' dir='ltr'>crebro</span> <span class='ocrx_word' id='word_1_49' title='bbox 600 1928 650 2006; x_wconf 91' lang='lat' dir='ltr'>qui</span> <span class='ocrx_word' id='word_1_50' title='bbox 674 1938 816 2006; x_wconf 80' lang='lat' dir='ltr'>personet</span> <span class='ocrx_word' id='word_1_51' title='bbox 838 1945 938 1987; x_wconf 88' lang='lat' dir='ltr'>aurem</span> 
     </span>
    </p>

    <p class='ocr_par' dir='ltr' id='par_1_11' title="bbox 122 2003 901 2091">
     <span class='ocr_line' id='line_1_11' title="bbox 122 2003 901 2091; baseline 0.001 -20.018"><span class='ocrx_word' id='word_1_52' title='bbox 122 2003 224 2072; x_wconf 87' lang='lat' dir='ltr'>‘Solve</span> <span class='ocrx_word' id='word_1_53' title='bbox 246 2020 450 2073; x_wconf 83' lang='lat' dir='ltr'>senescentem</span> <span class='ocrx_word' id='word_1_54' title='bbox 474 2022 586 2073; x_wconf 91' lang='lat' dir='ltr'>mature</span> <span class='ocrx_word' id='word_1_55' title='bbox 609 2031 698 2073; x_wconf 90' lang='lat' dir='ltr'>sanus</span> <span class='ocrx_word' id='word_1_56' title='bbox 720 2031 840 2091; x_wconf 91' lang='lat' dir='ltr'>equum,</span> <span class='ocrx_word' id='word_1_57' title='bbox 865 2031 901 2073; x_wconf 90' lang='lat' dir='ltr'>ue</span> 
     </span>
    </p>

    <p class='ocr_par' dir='ltr' id='par_1_12' title="bbox 125 2088 1193 2169">
     <span class='ocr_line' id='line_1_12' title="bbox 125 2088 1193 2169; baseline 0 -13"><span class='ocrx_word' id='word_1_58' title='bbox 125 2095 232 2158; x_wconf 90' lang='lat' dir='ltr'>Peccet</span> <span class='ocrx_word' id='word_1_59' title='bbox 253 2097 288 2158; x_wconf 88' lang='lat' dir='ltr'>ad</span> <span class='ocrx_word' id='word_1_60' title='bbox 312 2106 476 2158; x_wconf 81' lang='lat' dir='ltr'>extremum</span> <span class='ocrx_word' id='word_1_61' title='bbox 499 2097 641 2159; x_wconf 92' lang='lat' dir='ltr'>ridendus</span> <span class='ocrx_word' id='word_1_62' title='bbox 664 2107 692 2161; x_wconf 91' lang='lat' dir='ltr'>et</span> <span class='ocrx_word' id='word_1_63' title='bbox 714 2098 761 2158; x_wconf 91' lang='lat' dir='ltr'>ilia</span> <span class='ocrx_word' id='word_1_64' title='bbox 785 2088 889 2162; x_wconf 85' lang='lat' dir='ltr'>ducat’</span> <span class='ocrx_word' id='word_1_65' title='bbox 1192 2166 1193 2169; x_wconf 10' lang='lat'>¹</span> 
     </span>
    </p>

    <p class='ocr_par' dir='ltr' id='par_1_13' title="bbox 125 2180 1114 2262">
     <span class='ocr_line' id='line_1_13' title="bbox 125 2180 1114 2262; baseline 0.003 -20"><span class='ocrx_word' id='word_1_66' title='bbox 125 2180 212 2242; x_wconf 91' lang='lat' dir='ltr'>Nunc</span> <span class='ocrx_word' id='word_1_67' title='bbox 233 2183 331 2260; x_wconf 88' lang='lat' dir='ltr'>itaque</span> <span class='ocrx_word' id='word_1_68' title='bbox 354 2191 384 2242; x_wconf 92' lang='lat' dir='ltr'>et</span> <span class='ocrx_word' id='word_1_69' title='bbox 405 2201 506 2244; x_wconf 85' lang='lat' dir='ltr'>versus</span> <span class='ocrx_word' id='word_1_70' title='bbox 528 2194 558 2243; x_wconf 92' lang='lat' dir='ltr'>et</span> <span class='ocrx_word' id='word_1_71' title='bbox 580 2194 676 2244; x_wconf 91' lang='lat' dir='ltr'>cetera</span> <span class='ocrx_word' id='word_1_72' title='bbox 699 2183 810 2244; x_wconf 93' lang='lat' dir='ltr'>ludicra</span> <span class='ocrx_word' id='word_1_73' title='bbox 833 2193 1114 2262; x_wconf 73' lang='grc'><strong>333313</strong></span> 
     </span>
    </p>

    <p class='ocr_par' dir='ltr' id='par_1_14' title="bbox 126 2266 1046 2425">
     <span class='ocr_line' id='line_1_14' title="bbox 126 2266 1046 2346; baseline 0 -18"><span class='ocrx_word' id='word_1_74' title='bbox 126 2266 203 2336; x_wconf 83' lang='lat' dir='ltr'>Ouid</span> <span class='ocrx_word' id='word_1_75' title='bbox 226 2285 326 2328; x_wconf 83' lang='lat' dir='ltr'>verum</span> <span class='ocrx_word' id='word_1_76' title='bbox 349 2276 438 2346; x_wconf 89' lang='lat' dir='ltr'>atque</span> <span class='ocrx_word' id='word_1_77' title='bbox 460 2269 578 2341; x_wconf 83' lang='lat' dir='ltr'>decens,</span> <span class='ocrx_word' id='word_1_78' title='bbox 602 2286 674 2328; x_wconf 88' lang='lat' dir='ltr'>curo</span> <span class='ocrx_word' id='word_1_79' title='bbox 698 2278 725 2328; x_wconf 87' lang='lat' dir='ltr'>et</span> <span class='ocrx_word' id='word_1_80' title='bbox 749 2286 822 2345; x_wconf 84' lang='lat' dir='ltr'>rogo</span> <span class='ocrx_word' id='word_1_81' title='bbox 846 2276 875 2327; x_wconf 88' lang='lat' dir='ltr'>et</span> <span class='ocrx_word' id='word_1_82' title='bbox 897 2268 994 2328; x_wconf 91' lang='lat' dir='ltr'>omnis</span> <span class='ocrx_word' id='word_1_83' title='bbox 1016 2268 1046 2328; x_wconf 92' lang='lat' dir='ltr'>in</span> 
     </span>
     <span class='ocr_line' id='line_1_15' title="bbox 806 2352 960 2425; baseline -0.006 -13"><span class='ocrx_word' id='word_1_84' title='bbox 806 2352 863 2412; x_wconf 94' lang='lat' dir='ltr'>hoc</span> <span class='ocrx_word' id='word_1_85' title='bbox 885 2370 960 2425; x_wconf 87' lang='lat' dir='ltr'>sum,</span> 
     </span>
    </p>

    <p class='ocr_par' dir='ltr' id='par_1_15' title="bbox 128 2433 985 2515">
     <span class='ocr_line' id='line_1_16' title="bbox 128 2433 985 2515; baseline 0 -19"><span class='ocrx_word' id='word_1_86' title='bbox 128 2433 230 2497; x_wconf 75' lang='lat' dir='ltr'>(londo</span> <span class='ocrx_word' id='word_1_87' title='bbox 254 2445 283 2496; x_wconf 91' lang='grc'>33</span> <span class='ocrx_word' id='word_1_88' title='bbox 304 2455 453 2515; x_wconf 92' lang='lat' dir='ltr'>compono</span> <span class='ocrx_word' id='word_1_89' title='bbox 477 2455 552 2514; x_wconf 87' lang='lat' dir='ltr'>quae</span> <span class='ocrx_word' id='word_1_90' title='bbox 575 2455 642 2496; x_wconf 83' lang='lat' dir='ltr'>mox</span> <span class='ocrx_word' id='word_1_91' title='bbox 665 2437 840 2514; x_wconf 90' lang='lat' dir='ltr'>depromere</span> <span class='ocrx_word' id='word_1_92' title='bbox 864 2437 985 2514; x_wconf 90' lang='lat' dir='ltr'>possim.</span> 
     </span>
    </p>

    <p class='ocr_par' dir='ltr' id='par_1_16' title="bbox 130 2520 1011 2601">
     <span class='ocr_line' id='line_1_17' title="bbox 130 2520 1011 2601; baseline 0.001 -21"><span class='ocrx_word' id='word_1_93' title='bbox 130 2521 172 2581; x_wconf 78' lang='lat' dir='ltr'>dc</span> <span class='ocrx_word' id='word_1_94' title='bbox 196 2523 333 2582; x_wconf 85' lang='lat' dir='ltr'>neforto</span> <span class='ocrx_word' id='word_1_95' title='bbox 356 2540 451 2601; x_wconf 78' lang='lat' dir='ltr'>roges,</span> <span class='ocrx_word' id='word_1_96' title='bbox 475 2539 534 2599; x_wconf 88' lang='lat' dir='ltr'>quo</span> <span class='ocrx_word' id='word_1_97' title='bbox 557 2539 605 2582; x_wconf 90' lang='lat' dir='ltr'>me</span> <span class='ocrx_word' id='word_1_98' title='bbox 627 2522 711 2591; x_wconf 88' lang='lat' dir='ltr'>duce,</span> <span class='ocrx_word' id='word_1_99' title='bbox 735 2539 795 2598; x_wconf 94' lang='lat' dir='ltr'>quo</span> <span class='ocrx_word' id='word_1_100' title='bbox 818 2520 892 2580; x_wconf 90' lang='lat' dir='ltr'>Lare</span> <span class='ocrx_word' id='word_1_101' title='bbox 914 2531 1011 2581; x_wconf 89' lang='lat' dir='ltr'>tuter:</span> 
     </span>
    </p>

    <p class='ocr_par' dir='ltr' id='par_1_17' title="bbox 125 2604 831 2682">
     <span class='ocr_line' id='line_1_18' title="bbox 125 2604 831 2682; baseline -0.003 -16"><span class='ocrx_word' id='word_1_102' title='bbox 125 2605 239 2668; x_wconf 82' lang='lat' dir='ltr'>Nullius</span> <span class='ocrx_word' id='word_1_103' title='bbox 261 2607 394 2668; x_wconf 88' lang='lat' dir='ltr'>addictus</span> <span class='ocrx_word' id='word_1_104' title='bbox 416 2607 513 2667; x_wconf 90' lang='lat' dir='ltr'>iurare</span> <span class='ocrx_word' id='word_1_105' title='bbox 536 2606 566 2665; x_wconf 94' lang='lat' dir='ltr'>in</span> <span class='ocrx_word' id='word_1_106' title='bbox 589 2606 678 2667; x_wconf 86' lang='lat' dir='ltr'>verba</span> <span class='ocrx_word' id='word_1_107' title='bbox 701 2604 831 2682; x_wconf 82' lang='lat' dir='ltr'>magistri</span> 
     </span>
    </p>

    <p class='ocr_par' dir='ltr' id='par_1_18' title="bbox 126 2689 1112 2771">
     <span class='ocr_line' id='line_1_19' title="bbox 126 2689 1112 2771; baseline -0.001 -20"><span class='ocrx_word' id='word_1_108' title='bbox 126 2690 191 2762; x_wconf 88' lang='lat' dir='ltr'>Quo</span> <span class='ocrx_word' id='word_1_109' title='bbox 216 2709 262 2752; x_wconf 90' lang='lat' dir='ltr'>me</span> <span class='ocrx_word' id='word_1_110' title='bbox 285 2709 413 2770; x_wconf 91' lang='lat' dir='ltr'>cumque</span> <span class='ocrx_word' id='word_1_111' title='bbox 435 2691 511 2770; x_wconf 89' lang='lat' dir='ltr'>rapit</span> <span class='ocrx_word' id='word_1_112' title='bbox 533 2701 700 2771; x_wconf 83' lang='lat' dir='ltr'>tempestas,</span> <span class='ocrx_word' id='word_1_113' title='bbox 723 2690 841 2750; x_wconf 87' lang='lat' dir='ltr'>deferor</span> <span class='ocrx_word' id='word_1_114' title='bbox 863 2689 986 2767; x_wconf 89' lang='lat' dir='ltr'>hospes;</span> <span class='ocrx_word' id='word_1_115' title='bbox 1085 2701 1112 2750; x_wconf 78' lang='grc'>33</span> 
     </span>
    </p>

    <p class='ocr_par' dir='ltr' id='par_1_19' title="bbox 126 2772 842 2855">
     <span class='ocr_line' id='line_1_20' title="bbox 126 2772 842 2855; baseline -0.001 -19"><span class='ocrx_word' id='word_1_116' title='bbox 126 2772 211 2838; x_wconf 85' lang='lat' dir='ltr'>Nunc</span> <span class='ocrx_word' id='word_1_117' title='bbox 234 2777 316 2855; x_wconf 90' lang='grc'><strong>331113</strong></span> <span class='ocrx_word' id='word_1_118' title='bbox 338 2778 377 2837; x_wconf 85' lang='lat' dir='ltr'>fio</span> <span class='ocrx_word' id='word_1_119' title='bbox 400 2786 429 2836; x_wconf 90' lang='lat' dir='ltr'>et</span> <span class='ocrx_word' id='word_1_120' title='bbox 451 2795 566 2837; x_wconf 88' lang='lat' dir='ltr'>mersor</span> <span class='ocrx_word' id='word_1_121' title='bbox 589 2776 722 2837; x_wconf 83' lang='lat' dir='ltr'>civilibus</span> <span class='ocrx_word' id='word_1_122' title='bbox 745 2775 842 2845; x_wconf 83' lang='lat' dir='ltr'>undis,</span> 
     </span>
    </p>

    <p class='ocr_par' dir='ltr' id='par_1_20' title="bbox 127 2860 818 2940">
     <span class='ocr_line' id='line_1_21' title="bbox 127 2860 818 2940; baseline 0.003 -22"><span class='ocrx_word' id='word_1_123' title='bbox 127 2860 249 2924; x_wconf 85' lang='lat' dir='ltr'>Virtutis</span> <span class='ocrx_word' id='word_1_124' title='bbox 271 2880 356 2922; x_wconf 85' lang='lat' dir='ltr'>verae</span> <span class='ocrx_word' id='word_1_125' title='bbox 380 2870 478 2922; x_wconf 90' lang='lat' dir='ltr'>custos</span> <span class='ocrx_word' id='word_1_126' title='bbox 501 2862 671 2940; x_wconf 84' lang='lat' dir='ltr'>rigidusque</span> <span class='ocrx_word' id='word_1_127' title='bbox 693 2861 818 2932; x_wconf 86' lang='lat' dir='ltr'>satelles,</span> 
     </span>
    </p>

    <p class='ocr_par' dir='ltr' id='par_1_21' title="bbox 124 2944 870 3026">
     <span class='ocr_line' id='line_1_22' title="bbox 124 2944 870 3026; baseline -0.003 -20"><span class='ocrx_word' id='word_1_128' title='bbox 124 2945 212 3008; x_wconf 90' lang='lat' dir='ltr'>Nunc</span> <span class='ocrx_word' id='word_1_129' title='bbox 232 2948 263 3008; x_wconf 93' lang='lat' dir='ltr'>in</span> <span class='ocrx_word' id='word_1_130' title='bbox 288 2947 428 3026; x_wconf 78' lang='lat' dir='ltr'>Aristippi</span> <span class='ocrx_word' id='word_1_131' title='bbox 451 2947 552 3007; x_wconf 92' lang='lat' dir='ltr'>lurtim</span> <span class='ocrx_word' id='word_1_132' title='bbox 574 2957 729 3026; x_wconf 88' lang='lat' dir='ltr'>praecepta</span> <span class='ocrx_word' id='word_1_133' title='bbox 753 2944 870 3006; x_wconf 86' lang='lat' dir='ltr'>relabor</span> 
     </span>
    </p>

    <p class='ocr_par' dir='ltr' id='par_1_22' title="bbox 125 3031 928 3110">
     <span class='ocr_line' id='line_1_23' title="bbox 125 3031 928 3110; baseline -0.006 -18"><span class='ocrx_word' id='word_1_134' title='bbox 125 3031 162 3092; x_wconf 86' lang='lat' dir='ltr'>Et</span> <span class='ocrx_word' id='word_1_135' title='bbox 183 3032 255 3092; x_wconf 90' lang='lat' dir='ltr'>mibi</span> <span class='ocrx_word' id='word_1_136' title='bbox 277 3051 334 3104; x_wconf 84' lang='lat' dir='ltr'>res,</span> <span class='ocrx_word' id='word_1_137' title='bbox 356 3051 417 3092; x_wconf 91' lang='grc'>333</span> <span class='ocrx_word' id='word_1_138' title='bbox 442 3050 488 3092; x_wconf 91' lang='lat' dir='ltr'>me</span> <span class='ocrx_word' id='word_1_139' title='bbox 511 3033 600 3093; x_wconf 89' lang='lat' dir='ltr'>rebus</span> <span class='ocrx_word' id='word_1_140' title='bbox 622 3032 802 3110; x_wconf 83' lang='lat' dir='ltr'>subiungere</span> <span class='ocrx_word' id='word_1_141' title='bbox 825 3047 928 3090; x_wconf 90' lang='grc'><strong>33333.</strong></span> 
     </span>
    </p>

    <p class='ocr_par' dir='ltr' id='par_1_23' title="bbox 125 3115 1112 3195">
     <span class='ocr_line' id='line_1_24' title="bbox 125 3115 1112 3195; baseline -0.005 -17"><span class='ocrx_word' id='word_1_142' title='bbox 125 3115 164 3178; x_wconf 91' lang='lat' dir='ltr'>Ut</span> <span class='ocrx_word' id='word_1_143' title='bbox 186 3137 246 3178; x_wconf 87' lang='lat' dir='ltr'>nox</span> <span class='ocrx_word' id='word_1_144' title='bbox 268 3117 358 3195; x_wconf 88' lang='grc'><strong>13333</strong></span> <span class='ocrx_word' id='word_1_145' title='bbox 381 3117 490 3194; x_wconf 90' lang='lat' dir='ltr'>quibus</span> <span class='ocrx_word' id='word_1_146' title='bbox 511 3118 655 3178; x_wconf 90' lang='lat' dir='ltr'>mentitur</span> <span class='ocrx_word' id='word_1_147' title='bbox 677 3117 768 3176; x_wconf 88' lang='lat' dir='ltr'>amica</span> <span class='ocrx_word' id='word_1_148' title='bbox 792 3116 915 3193; x_wconf 89' lang='lat' dir='ltr'>diesque</span> <span class='ocrx_word' id='word_1_149' title='bbox 1084 3122 1112 3174; x_wconf 78' lang='lat' dir='ltr'>m</span> 
     </span>
    </p>

    <p class='ocr_par' dir='ltr' id='par_1_24' title="bbox 125 3201 948 3283">
     <span class='ocr_line' id='line_1_25' title="bbox 125 3201 948 3283; baseline -0.001 -23"><span class='ocrx_word' id='word_1_150' title='bbox 125 3201 228 3283; x_wconf 79' lang='grc'><strong>13333</strong></span> <span class='ocrx_word' id='word_1_151' title='bbox 249 3202 364 3263; x_wconf 83' lang='lat' dir='ltr'>videtur</span> <span class='ocrx_word' id='word_1_152' title='bbox 385 3221 461 3281; x_wconf 92' lang='lat' dir='ltr'>opus</span> <span class='ocrx_word' id='word_1_153' title='bbox 483 3203 668 3276; x_wconf 85' lang='lat' dir='ltr'>debentibus,</span> <span class='ocrx_word' id='word_1_154' title='bbox 690 3213 723 3263; x_wconf 93' lang='lat' dir='ltr'>ut</span> <span class='ocrx_word' id='word_1_155' title='bbox 745 3202 829 3280; x_wconf 81' lang='lat' dir='ltr'>piger</span> <span class='ocrx_word' id='word_1_156' title='bbox 851 3219 948 3260; x_wconf 92' lang='lat' dir='ltr'>annus</span> 
     </span>
    </p>

    <p class='ocr_par' dir='ltr' id='par_1_25' title="bbox 126 3286 895 3366">
     <span class='ocr_line' id='line_1_26' title="bbox 126 3286 895 3366; baseline -0.003 -19"><span class='ocrx_word' id='word_1_157' title='bbox 126 3286 258 3366; x_wconf 74' lang='lat' dir='ltr'>pupillis,</span> <span class='ocrx_word' id='word_1_158' title='bbox 281 3305 356 3366; x_wconf 87' lang='lat' dir='ltr'>quos</span> <span class='ocrx_word' id='word_1_159' title='bbox 378 3289 450 3348; x_wconf 89' lang='lat' dir='ltr'>dura</span> <span class='ocrx_word' id='word_1_160' title='bbox 474 3289 581 3366; x_wconf 89' lang='lat' dir='ltr'>premit</span> <span class='ocrx_word' id='word_1_161' title='bbox 603 3287 734 3348; x_wconf 91' lang='lat' dir='ltr'>custodia</span> <span class='ocrx_word' id='word_1_162' title='bbox 758 3295 895 3357; x_wconf 84' lang='lat' dir='ltr'>matrum,</span> 
     </span>
    </p>

    <p class='ocr_par' dir='ltr' id='par_1_26' title="bbox 124 3371 1053 3452">
     <span class='ocr_line' id='line_1_27' title="bbox 124 3371 1053 3452; baseline -0.006 -20"><span class='ocrx_word' id='word_1_163' title='bbox 124 3371 173 3433; x_wconf 93' lang='lat' dir='ltr'>Sic</span> <span class='ocrx_word' id='word_1_164' title='bbox 196 3373 265 3433; x_wconf 91' lang='lat' dir='ltr'>mihi</span> <span class='ocrx_word' id='word_1_165' title='bbox 287 3371 369 3432; x_wconf 87' lang='lat' dir='ltr'>tarda</span> <span class='ocrx_word' id='word_1_166' title='bbox 391 3373 487 3433; x_wconf 89' lang='lat' dir='ltr'>lluunt</span> <span class='ocrx_word' id='word_1_167' title='bbox 509 3373 682 3452; x_wconf 85' lang='lat' dir='ltr'>ingrataque</span> <span class='ocrx_word' id='word_1_168' title='bbox 705 3381 848 3452; x_wconf 87' lang='lat' dir='ltr'>tempora,</span> <span class='ocrx_word' id='word_1_169' title='bbox 872 3388 947 3448; x_wconf 85' lang='lat' dir='ltr'>quae</span> <span class='ocrx_word' id='word_1_170' title='bbox 970 3386 1053 3448; x_wconf 85' lang='lat' dir='ltr'>spem</span> 
     </span>
    </p>

    <p class='ocr_par' dir='ltr' id='par_1_27' title="bbox 124 3454 943 3537">
     <span class='ocr_line' id='line_1_28' title="bbox 124 3454 943 3537; baseline -0.004 -20"><span class='ocrx_word' id='word_1_171' title='bbox 124 3454 344 3537; x_wconf 82' lang='lat' dir='ltr'>Consiliumque</span> <span class='ocrx_word' id='word_1_172' title='bbox 368 3466 521 3518; x_wconf 87' lang='lat' dir='ltr'>morantur</span> <span class='ocrx_word' id='word_1_173' title='bbox 543 3458 647 3536; x_wconf 83' lang='lat' dir='ltr'>agendi</span> <span class='ocrx_word' id='word_1_174' title='bbox 671 3458 782 3518; x_wconf 86' lang='lat' dir='ltr'>naviter</span> <span class='ocrx_word' id='word_1_175' title='bbox 803 3458 841 3530; x_wconf 89' lang='lat' dir='ltr'>id,</span> <span class='ocrx_word' id='word_1_176' title='bbox 864 3455 943 3534; x_wconf 88' lang='lat' dir='ltr'>quod</span> 
     </span>
    </p>

    <p class='ocr_par' dir='ltr' id='par_1_28' title="bbox 123 3542 1113 3621">
     <span class='ocr_line' id='line_1_29' title="bbox 123 3542 1113 3621; baseline -0.006 -19"><span class='ocrx_word' id='word_1_177' title='bbox 123 3546 224 3621; x_wconf 81' lang='lat' dir='ltr'>Aeque</span> <span class='ocrx_word' id='word_1_178' title='bbox 246 3542 426 3621; x_wconf 90' lang='lat' dir='ltr'>pauperibus</span> <span class='ocrx_word' id='word_1_179' title='bbox 449 3543 577 3621; x_wconf 87' lang='lat' dir='ltr'>prodest,</span> <span class='ocrx_word' id='word_1_180' title='bbox 600 3543 798 3620; x_wconf 86' lang='lat' dir='ltr'>locupletibus</span> <span class='ocrx_word' id='word_1_181' title='bbox 820 3558 923 3618; x_wconf 84' lang='lat' dir='ltr'>neque,</span> <span class='ocrx_word' id='word_1_182' title='bbox 1086 3547 1113 3596; x_wconf 77' lang='grc'>33</span> 
     </span>
    </p>

    <p class='ocr_par' dir='ltr' id='par_1_29' title="bbox 124 3625 891 3707">
     <span class='ocr_line' id='line_1_30' title="bbox 124 3625 891 3707; baseline -0.004 -20"><span class='ocrx_word' id='word_1_183' title='bbox 124 3628 224 3707; x_wconf 78' lang='lat' dir='ltr'>deque</span> <span class='ocrx_word' id='word_1_184' title='bbox 248 3626 414 3706; x_wconf 83' lang='lat' dir='ltr'>neglectum</span> <span class='ocrx_word' id='word_1_185' title='bbox 437 3627 538 3706; x_wconf 89' lang='lat' dir='ltr'>pueris</span> <span class='ocrx_word' id='word_1_186' title='bbox 560 3628 740 3706; x_wconf 88' lang='lat' dir='ltr'>senibusque</span> <span class='ocrx_word' id='word_1_187' title='bbox 764 3625 891 3688; x_wconf 88' lang='lat' dir='ltr'>nocebit.</span> 
     </span>
    </p>
   </div>
   <div class='ocr_carea' id='block_1_5' title="bbox 47 3741 243 3756">
    <p class='ocr_par' dir='ltr' id='par_1_30' title="bbox 47 3741 243 3756">
     <span class='ocr_line' id='line_1_31' title="bbox 47 3741 243 3756; baseline 0 -1"><span class='ocrx_word' id='word_1_188' title='bbox 47 3741 243 3756; x_wconf 33' lang='lat'>*—</span> 
     </span>
    </p>
   </div>
   <div class='ocr_carea' id='block_1_6' title="bbox 124 3809 575 3878">
    <p class='ocr_par' dir='ltr' id='par_1_31' title="bbox 124 3809 575 3878">
     <span class='ocr_line' id='line_1_32' title="bbox 124 3809 575 3878; baseline 0 -16"><span class='ocrx_word' id='word_1_189' title='bbox 124 3810 133 3862; x_wconf 95' lang='lat' dir='ltr'>l</span> <span class='ocrx_word' id='word_1_190' title='bbox 150 3828 175 3863; x_wconf 88' lang='lat' dir='ltr'>v.</span> <span class='ocrx_word' id='word_1_191' title='bbox 194 3813 209 3862; x_wconf 83' lang='lat'><strong>3</strong></span> <span class='ocrx_word' id='word_1_192' title='bbox 227 3810 309 3864; x_wconf 84' lang='lat' dir='ltr'>ludo?</span> <span class='ocrx_word' id='word_1_193' title='bbox 329 3811 362 3861; x_wconf 87' lang='lat' dir='ltr'>al.</span> <span class='ocrx_word' id='word_1_194' title='bbox 378 3809 383 3878; x_wconf 90' lang='grc' dir='ltr'>Ι</span> <span class='ocrx_word' id='word_1_195' title='bbox 401 3812 431 3863; x_wconf 88' lang='grc'><strong>14</strong></span> <span class='ocrx_word' id='word_1_196' title='bbox 450 3811 575 3862; x_wconf 87' lang='lat' dir='ltr'>adductus</span> 
     </span>
    </p>
   </div>
   <div class='ocr_carea' id='block_1_7' title="bbox 0 0 1324 4372">
    <p class='ocr_par' dir='ltr' id='par_1_32' title="bbox 0 0 1324 4372">
     <span class='ocr_line' id='line_1_33' title="bbox 0 0 1324 4372; baseline 0 1"><span class='ocrx_word' id='word_1_197' title='bbox 0 0 1324 4372; x_wconf 95' lang='lat' dir='ltr'> </span> 
     </span>
    </p>
   </div>
  </div>
 </body>
</html>
