2640 4372
564 216 736 269 GARMlNUM
753 217 763 268 l
782 220 822 270 12.

669 388 722 449 Xll

287 506 381 577 Quom
396 506 490 566 virum
507 517 556 567 aut
571 507 660 566 beroa
676 506 736 586 lyra
752 508 797 569 vel
812 508 872 568 acri

284 589 367 652 Tibia
383 592 474 652 sumis
489 591 650 664 celebrare,
667 592 739 666 Clio,

285 676 379 747 Quem
395 674 506 737 deum?
536 676 620 737 cuius
634 677 747 746 recinet
761 679 860 739 iocosa

360 762 473 822 Nomen
490 762 586 840 imago

226 891 241 940 5
284 882 342 940 Aut
356 880 385 939 in
404 880 549 940 umbrosis
564 880 715 941 Heliconis
731 881 790 941 oris

284 966 341 1024 dut
356 982 447 1043 super
461 965 556 1025 Pindo
572 965 704 1043 gelidove
719 966 749 1025 in
766 964 898 1027 Haemo‘.l

283 1049 369 1110 Unde
384 1050 512 1110 vocalem
530 1060 640 1110 temero
655 1051 805 1111 insecutae

359 1135 478 1213 Orphea
493 1134 580 1194 silvae

285 1255 355 1313 Arte
370 1262 502 1313 materna
518 1251 636 1330 rapidos
651 1261 815 1314 morantem

212 1347 240 1396 10
282 1337 452 1398 Fluminum
468 1336 568 1415 lapsus
583 1337 753 1416 celeresque
767 1347 882 1411 ventos,

280 1420 423 1484 Blandum
440 1430 469 1482 et
484 1422 592 1482 auritas
607 1422 713 1483 fidibus
729 1423 847 1485 canoris

356 1507 470 1568 Ducere
487 1525 624 1585 quercus.

280 1625 356 1695 Quid
374 1627 455 1704 prius
471 1625 565 1686 dicam
582 1625 675 1686 solitis
690 1627 820 1706 parentis

279 1711 437 1784 Laudibus,
454 1710 504 1789 qui
521 1728 567 1771 res
582 1711 735 1772 hominum
751 1731 785 1772 ac
801 1713 933 1784 deorum,

207 1804 234 1853 ta
279 1795 336 1867 Qui
351 1813 431 1856 mare
446 1814 480 1854 ac
495 1804 589 1856 terras
604 1796 750 1876 variisque
765 1798 911 1858 mundum

353 1880 510 1959 Temperat
525 1878 629 1940 horis?

277 1999 361 2059 Unde
378 1999 420 2059 nil
435 1999 529 2059 maius
544 2008 703 2075 generatur
718 1999 782 2077 ipso

276 2083 337 2144 Nec
351 2084 428 2162 viget
444 2083 600 2163 quicquam
616 2083 710 2157 simile
725 2092 775 2145 aut
789 2085 968 2157 secundum3

279 2167 433 2229 Proximos
447 2168 487 2228 illi
503 2178 599 2228 tamen
617 2169 774 2247 occupabit

205 2263 233 2312 tt
356 2254 447 2314 Pallas
463 2254 592 2313 bonores

278 2371 401 2433 Proeliis
416 2373 519 2432 audax.
549 2371 651 2449 Neque
666 2382 695 2433 te
710 2373 813 2448 silebo,

274 2456 364 2517 Liber
377 2467 405 2517 et
420 2457 511 2518 saevis
526 2456 645 2517 inimica
660 2461 741 2537 virgo

275 2541 373 2603 Beluis
387 2561 443 2602 nec
458 2550 496 2614 te,
512 2542 669 2603 metuende
684 2553 766 2604 certa

350 2627 470 2687 Phoebe
486 2628 604 2705 sagitta3

203 2754 231 2803 25
275 2744 374 2806 Dicam
391 2756 420 2806 et
435 2744 556 2805 Alciden
573 2762 741 2823 puerosque
758 2744 862 2816 Ledae,

275 2830 362 2890 Hunc
378 2831 471 2909 equis,
488 2829 567 2888 illum
584 2848 724 2907 superare
740 2829 848 2907 pugnis

273 2914 416 2988 Nobilem,
432 2931 559 2992 quorum
576 2913 663 2973 simul
677 2913 741 2974 alba
760 2913 855 2973 nautis

352 3000 440 3060 Stella
455 2997 579 3070 refulsit,

274 3118 382 3179 Delluit
397 3116 472 3178 saxis
487 3116 614 3194 agitatus
629 3134 724 3190 umor,

201 3212 230 3260 30
274 3202 441 3263 Concidunt
454 3202 534 3261 venti
550 3202 727 3281 fugiuntque
743 3202 846 3276 nubes,

273 3286 310 3347 Et
325 3288 432 3360 minax,
448 3287 528 3365 quod
543 3287 586 3347 sic
600 3288 729 3361 voluere,
745 3299 838 3368 ponto

349 3372 430 3433 Unda
446 3371 601 3432 recumbit.

146 3509 348 3517 ——..-.

228 3590 271 3641 llll
290 3607 313 3641 v.
332 3592 347 3642 2
364 3605 449 3641 sumes
467 3594 506 3640 Bt
522 3606 564 3655 pr.
588 3592 625 3655 (a)
655 3589 660 3654 l
689 3591 704 3641 3
729 3591 818 3642 recinit
836 3594 871 3655 (o)
897 3591 990 3643 retinet
1015 3590 1050 3654 (v)
1077 3589 1082 3653 Ι
1110 3593 1213 3653 [9-12]

144 3659 174 3708 Μ
190 3659 226 3722 (Η
241 3674 330 3723 opusc.
347 3657 378 3709 lll
396 3660 438 3722 57)
454 3661 458 3717 Ι
476 3660 507 3709 13
520 3665 654 3724 parentum
670 3659 673 3720 Ι
692 3661 721 3710 la
740 3664 766 3709 et
783 3661 818 3722 (ul
837 3663 880 3710 aut
891 3661 925 3724 (ol
941 3657 946 3726 Ι
961 3665 1052 3709 terram
1066 3659 1103 3720 (o)
1119 3656 1125 3724 1
1140 3673 1216 3710 occu-

143 3726 224 3792 pabit]
244 3726 273 3778 lt.
284 3727 433 3791 Stephanus
438 3766 446 3791 ,
464 3727 522 3791 atii,
539 3732 570 3776 ut
588 3742 627 3778 ov.
647 3727 690 3777 dd.
709 3743 725 3776 a
743 3727 863 3778 Bentleio
880 3727 1025 3792 improbati
1049 3730 1076 3775 et
1098 3725 1148 3776 ΑΚ
1168 3724 1214 3845 Sos.

140 3794 235 3859 philol.
256 3794 493 3859 Untersuetungen
511 3794 530 3846 ll
551 3798 607 3859 101,
627 3797 680 3858 4⁵)ss
705 3795 859 3862 occupauit!
876 3794 1088 3860 bosphoranos.
1108 3793 1215 3846 Proelia

145 3861 228 3914 audax
246 3877 329 3930 neque
348 3864 383 3914 al.
401 3864 443 3927 (.-.
461 3864 509 3913 Pb.
526 3863 675 3914 Buttmann
694 3863 840 3929 Mptltotcg.
853 3863 864 3914 1
877 3866 970 3930 eosqq.
982 3865 1014 3914 A.
1024 3860 1217 3925 Reifferscheid

145 3931 217 3981 anal.
236 3931 331 3982 Horat.
350 3931 426 3983 Vrat.
448 3933 511 3984 1870
529 3948 555 3997 p.
576 3935 662 3998 baqq.)
686 3930 690 3999 Ι
711 3934 741 3984 31
762 3931 821 3998 quia
