2640 4372
510 186 550 238 llll
568 185 655 238 ARTE
674 183 820 238 Ponrlcn.
1140 185 1200 245 231

213 358 353 419 Sublimis
375 357 560 436 cupidusque
583 367 612 418 et
634 365 727 418 amata
749 357 919 436 relinquere
942 361 1056 438 pernix.
1160 371 1202 423 115

215 442 370 504 Conversis
392 443 496 504 studiis
517 451 596 503 aetas
619 443 793 521 animusque
814 443 905 504 virilis

217 529 339 599 Quaerit
362 547 434 609 opes
457 537 486 588 et
508 528 659 600 amicitias,
683 528 803 589 inservit
824 528 942 600 honori,

216 614 395 675 conmisisse
417 621 500 674 cavet
522 614 600 691 quod
623 632 691 674 mox
715 622 828 673 mutare
850 613 973 675 laboret.

216 699 304 759 Multa
328 717 431 760 senem
454 698 691 759 circumveniunt
712 698 910 772 incommoda,
933 701 1080 777 velquod

215 783 339 854 Quaerit
362 795 391 844 ct
412 784 540 844 inventis
564 783 653 844 miser
674 783 804 844 abstinet
826 802 859 844 ac
881 785 965 845 timet
988 786 1029 845 uti
1158 796 1200 848 110

216 868 266 929 Vel
289 868 369 947 quod
391 887 439 930 res
461 870 558 929 omnis
581 869 679 929 timide
701 868 855 946 gelideque
878 869 1035 945 ministrat,
1181 887 1184 892 ·

219 953 331 1014 Dilator
353 972 405 1033 spe
427 954 543 1032 longus,
567 953 647 1014 iners
669 954 829 1031 avidusque
851 955 953 1028 futuri,

216 1039 357 1110 Difficilis,
380 1039 532 1116 querulus,
554 1038 688 1099 laudator
711 1039 853 1118 temporis
876 1039 931 1100 acti

216 1123 254 1184 Se
277 1142 379 1204 puero,
402 1124 559 1202 castigator
581 1142 748 1202 censorque
771 1124 931 1186 minorum.

215 1208 305 1270 Multa
328 1210 428 1269 lerunt
450 1209 520 1269 anni
543 1209 696 1270 venientes
718 1210 872 1270 commoda
895 1229 1005 1283 seeum,

215 1293 305 1354 Multa
327 1295 501 1355 recedentes
523 1294 665 1353 adimunt.
709 1294 752 1355 Ne
775 1296 851 1355 sorte
873 1295 982 1356 seniles

215 1379 393 1439 Mandentur
414 1379 513 1439 iuveni
535 1388 634 1458 partes
657 1397 809 1458 pueroque
831 1380 944 1455 viriles;

215 1464 340 1543 Semper
363 1464 393 1524 in
417 1464 562 1524 adiunctis
584 1482 714 1543 aevoque
736 1464 917 1525 morabimur
939 1465 1023 1545 aptis.
1047 1497 1089 1508 —

140 1595 144 1602 .
215 1552 274 1609 dut
295 1549 391 1627 agitur
413 1568 461 1610 res
484 1550 514 1609 in
537 1548 652 1610 scaenis
674 1558 724 1610 aut
744 1559 808 1609 acta
831 1551 967 1611 refertur.

216 1634 342 1713 Segnius
365 1634 488 1695 inritant
510 1635 625 1695 animos
647 1634 771 1695 demissa
794 1652 849 1713 per
870 1653 971 1695 aurem

216 1719 308 1789 Quam
332 1738 408 1798 quae
430 1730 500 1780 sunt
522 1720 615 1780 oculis
637 1719 768 1780 subiecta
791 1719 926 1781 fidelihus
948 1729 977 1780 et
1000 1738 1074 1799 quac

215 1803 282 1883 lpse
304 1805 360 1866 sibi
382 1804 471 1865 tradit
492 1813 657 1884 spectator;
680 1823 741 1865 non
764 1814 863 1865 tamen
886 1806 966 1866 intus

216 1889 311 1970 Digna
334 1892 397 1968 geri
419 1907 539 1968 promes
561 1890 591 1950 in
615 1907 751 1950 scaenam
775 1891 925 1968 multaque
948 1890 1033 1950 tolles

215 1973 260 2036 Ex
283 1976 386 2048 oculis,
410 1993 485 2053 quae
507 1993 577 2035 mox
600 1985 702 2036 narret
724 1976 860 2036 facundia
883 1994 1041 2055 praesens:

215 2059 259 2120 Ne
281 2079 391 2140 pueros
413 2078 513 2121 coram
535 2060 646 2140 populo
668 2060 769 2121 llledea
793 2061 920 2122 trucidet

215 2147 273 2206 Aut
295 2146 422 2207 humana
446 2147 540 2225 palam
564 2155 671 2225 coquat
694 2154 759 2206 exta
782 2147 912 2208 nefarius
935 2147 1042 2206 Atreus
1190 2210 1191 2213 ,

215 2231 274 2290 dut
295 2232 326 2291 in
350 2251 430 2293 avem
456 2232 571 2293 Procne
592 2240 732 2314 vertatur,
756 2231 882 2294 Cadmus
904 2233 934 2292 in
958 2247 1101 2310 anguem;

218 2315 433 2395 Quodcumque
457 2318 587 2377 ostendis
609 2317 681 2376 milri
704 2317 755 2388 sie,
779 2316 951 2379 incredulus
974 2316 1031 2376 odi.
1053 2351 1096 2362 -

214 2399 293 2460 Neve
315 2402 414 2461 minor
437 2418 494 2460 neu
516 2401 554 2461 sit
576 2401 680 2479 quinto
703 2400 877 2480 productior
898 2411 966 2461 actu

216 2484 335 2558 Fabula,
359 2503 433 2562 quae
457 2485 538 2562 posci
562 2484 623 2544 vult
644 2493 674 2544 et
695 2493 824 2562 spectata
848 2485 963 2564 reponi,

215 2569 276 2630 Nec
298 2571 370 2631 deus
392 2569 510 2629 intersit
533 2568 589 2629 nisi
612 2569 719 2646 dignus
741 2569 855 2629 vindice
879 2569 978 2629 nodus

215 2654 366 2728 Inciderit‚
390 2672 446 2715 nec
469 2662 573 2732 quarta
596 2654 678 2732 loqui
700 2671 828 2732 persona
852 2653 975 2714 laboret.

215 2741 333 2802 Actoris
354 2740 447 2819 partis
469 2740 579 2800 chorus
602 2739 791 2817 officiumque
814 2738 896 2798 virile

216 2826 361 2887 Delendat
384 2845 444 2886 neu
467 2824 537 2903 quid
560 2824 672 2885 medios
695 2823 855 2885 intercinat
877 2832 969 2896 actus,

215 2909 302 2980 Quod
325 2930 386 2972 non
409 2909 562 2990 proposito
585 2910 732 2970 conducat
753 2919 783 2970 et
804 2910 923 2969 haereat
945 2917 1020 2989 apte.

214 2995 266 3057 llle
290 2996 375 3058 bonis
398 2997 550 3074 faveatque
573 3004 603 3055 et
624 2993 796 3056 consilietur
819 2994 911 3054 amice

214 3080 252 3141 Et
272 3093 356 3160 regat
377 3083 466 3142 iratos
489 3090 518 3141 et
540 3089 617 3140 amet
640 3097 745 3159 pacare
767 3079 909 3152 timentis,

214 3165 266 3226 Ille
288 3168 378 3246 dapes
400 3167 498 3227 laudet
520 3183 640 3226 mensae
663 3164 769 3237 brevis,
793 3164 840 3225 ille
863 3164 1011 3226 salubrem

212 3251 355 3312 Iustitiam
379 3252 518 3330 legesque
542 3259 571 3311 et
593 3251 702 3329 apertis
725 3249 785 3310 otia
806 3251 910 3328 portis,

212 3336 264 3396 llle
287 3345 365 3416 tegat
386 3337 534 3398 conmissa
556 3336 686 3414 deosque
710 3347 850 3414 precetur
872 3344 902 3396 et
925 3343 997 3409 oret,
1159 3341 1202 3392 200

214 3554 237 3590 c.
258 3540 305 3591 168
325 3537 392 3603 quod
412 3541 556 3603 permutare
573 3537 609 3600 (v)
624 3536 629 3600 Ι
647 3537 694 3587 112
713 3534 807 3587 dilator
826 3550 872 3600 spe
883 3534 985 3600 longus,
1003 3534 1062 3585 11-12
1076 3533 1201 3598 (Doeder-

130 3608 234 3670 leinius‚
258 3605 332 3670 AK):
358 3605 462 3668 dilator,
486 3619 531 3672 spe
555 3604 656 3670 longus,
686 3608 691 3668 l
718 3603 802 3655 lentus
821 3603 905 3654 Benll.
933 3608 937 3664 Ι
963 3601 1124 3670 pavidusque
1148 3605 1200 3667 loll

129 3675 254 3744 (lugetur,
267 3674 352 3726 Benll.
367 3673 372 3740 Ι
389 3675 436 3726 199
449 3677 498 3724 aul
511 3673 571 3738 poni
588 3677 638 3723 aut
651 3671 752 3738 reposci
766 3673 806 3736 (in
821 3671 892 3736 quod
907 3671 1204 3736 etiprcc.1842ineidi

129 3745 161 3795 de
182 3744 213 3797 L.
238 3743 336 3796 Circeiis
362 3741 424 3794 dier.
451 3745 516 3791 sent.
544 3743 629 3791 contr.
655 3738 697 3804 tv)
724 3739 946 3806 Wptlenbaedius
972 3739 976 3806 Ι
1003 3741 1127 3804 spectata]
1154 3740 1201 3803 (o):

127 3812 265 3879 spectanda
281 3812 285 3879 Ι
303 3812 351 3864 196
370 3808 458 3861 amicis
475 3810 511 3873 (ol
529 3809 604 3860 amici
622 3810 656 3874 (e)
672 3809 677 3875 Ι
695 3810 741 3861 191
755 3810 856 3875 pacare]
868 3808 916 3871 lul:
934 3821 1040 3873 peccare
1055 3809 1060 3870 Ι
1075 3810 1202 3858 tumentes

128 3882 162 3944 (v)
177 3880 265 3935 nauel.
