2640 4372
527 173 726 227 crudiuntur
745 178 767 229 Β.
787 180 810 230 9.

260 345 396 419 Perdere,
413 365 467 407 cur
482 347 612 426 apricum

307 430 409 492 Oderit
425 450 570 511 campum,
585 432 700 510 patiens
715 433 844 512 pulveris
859 442 947 512 atque
961 434 1040 509 solis,

200 527 215 576 5
259 514 319 577 Cur
334 535 432 594 neque
447 516 579 577 militaris

196 651 199 658 .
304 600 386 661 lnter
400 601 528 680 aequalis
544 601 663 680 equitet,
680 602 787 664 Gallica
803 621 860 664 nec
875 602 983 681 lupatis

268 684 428 764 Temperet
443 705 493 746 ora
509 687 610 748 irenis.

305 769 365 831 Cur
379 771 462 831 timet
476 771 580 831 flavum
596 771 727 832 Tiberim
742 770 888 851 tangere?
904 791 958 833 cur
974 772 1083 835 olivum

261 855 412 933 Sanguine
428 856 561 934 viperino

192 950 220 999 10
307 940 426 1001 Cautius
441 941 511 1001 vitat
527 959 623 1019 neque
639 941 694 1002 iam
711 942 795 1002 livida
812 950 905 1019 gestat
920 942 1009 1003 armis

262 1025 411 1100 Bracchia,
428 1044 515 1104 saepe
531 1026 622 1099 disco,
882 1034 886 1039 “

306 1110 401 1189 Saepe
417 1118 498 1171 trans
513 1111 602 1170 finem
619 1109 714 1170 iaculo
731 1109 838 1170 nobilis
853 1108 1012 1190 expedito?

263 1193 340 1265 Quid
358 1194 436 1269 latet,
453 1204 485 1256 ut
501 1195 630 1255 marinae

307 1278 411 1340 Filium
428 1280 530 1340 dicunt
545 1279 676 1340 Thetidis
691 1279 746 1339 sub
762 1279 914 1340 lacrimosa
931 1279 1035 1339 Troiae

187 1371 215 1420 15
259 1361 384 1438 Funera,
402 1384 440 1425 ne
455 1364 545 1425 virilis

308 1448 409 1510 Cultus
424 1450 454 1510 in
472 1450 589 1510 caedem
606 1457 635 1509 et
651 1448 756 1528 Lycias
770 1448 938 1529 proriperet
953 1448 1104 1511 catervas?

652 1635 691 1694 lll

263 1734 349 1796 Vides
364 1745 397 1795 ut
413 1734 469 1794 alta
483 1743 540 1796 stet
555 1736 621 1795 nive
637 1737 792 1796 candidum

263 1820 383 1881 Soracte
400 1838 455 1879 nec
470 1819 526 1879 iam
543 1821 707 1881 sustineant
723 1840 799 1881 onus

309 1904 403 1965 Silvae
418 1904 587 1965 laborantes
603 1905 729 1983 geluque

350 1988 485 2049 Flumina
501 1990 689 2050 constiterint
703 1998 799 2053 acuto.

206 2118 220 2166 5
264 2107 394 2168 Dissolve
410 2107 503 2185 frigus
518 2106 597 2186 ligna
613 2126 704 2186 super
718 2108 784 2168 ioco

262 2192 356 2271 Larga
372 2211 521 2271 reponens
537 2200 624 2271 atque
639 2191 799 2271 benignius

309 2276 456 2355 Deprome
471 2277 657 2354 quadrimum
674 2277 792 2350 Sabina,

350 2360 374 2422 0
391 2361 573 2437 Thaliarche,
590 2381 704 2423 merum
720 2363 807 2423 diota.

266 2480 406 2540 Permitte
422 2481 493 2542 divis
509 2489 621 2555 cetera;
637 2481 688 2560 qui
703 2481 791 2543 simul

193 2573 221 2624 10
264 2565 399 2626 Stravere
413 2575 517 2628 ventos
533 2585 660 2646 aequore
676 2566 787 2627 fervido

308 2650 532 2729 Deproeliantis,
549 2671 605 2713 nec
621 2651 755 2729 cupressi

352 2737 413 2797 Nec
427 2747 541 2798 veteres
557 2737 705 2815 agitantur
720 2735 796 2795 orni.
812 2769 854 2778 -

268 2852 344 2924 Quid
360 2855 397 2914 sit
412 2855 543 2914 futurum
561 2873 633 2925 cras,
648 2855 717 2931 suge
733 2871 875 2931 quaerere
891 2861 919 2913 et

264 2936 357 3007 Quem
374 2940 436 3000 sors
451 2939 564 2999 dierum
580 2956 706 3016 cumque
722 2938 802 2997 dabit
816 2938 905 3011 lucro,
969 2987 973 2995 .

196 3031 223 3080 15
311 3023 434 3102 Adpone
450 3041 506 3082 nec
523 3022 616 3084 dulcis
631 3041 746 3083 amores

354 3108 468 3186 Sperne
483 3126 559 3186 puer
575 3126 671 3186 neque
686 3116 717 3169 tu
736 3107 869 3180 choreas,

266 3225 367 3285 Donec
381 3225 486 3285 virenti
503 3226 626 3288 canities
641 3227 723 3287 abest

265 3309 391 3371 Morosa.
423 3311 509 3370 Nunc
525 3319 553 3371 et
569 3329 688 3392 campus
705 3321 733 3372 et
749 3329 833 3371 areae

311 3394 466 3473 Lenesque
482 3395 537 3457 sub
554 3406 671 3457 noctem
687 3396 800 3458 susurri

194 3488 222 3538 20
354 3480 521 3560 Composita
537 3491 711 3561 repetantur
724 3482 807 3553 hora,

222 3611 275 3663 vul
298 3630 320 3665 o.
344 3614 442 3677 limte.
462 3613 598 3680 inlpatiens
615 3615 701 3665 Bentl.
719 3630 758 3680 ep.
778 3614 814 3664 od
829 3613 861 3663 de
881 3612 995 3664 Vettium
1016 3616 1078 3661 ante
1098 3628 1123 3662 a.
1145 3611 1208 3662 1711

137 3684 290 3747 conscripta
308 3698 331 3732 o.
348 3697 414 3733 mus.
428 3682 496 3747 phil.
515 3685 538 3746 8,
559 3686 652 3748 lleq.,·
671 3684 728 3734 H·P
743 3697 859 3748 quosque
876 3678 959 3748 offert
977 3677 1013 3740 ef.
1032 3676 1048 3729 λ
1065 3696 1128 3730 ann.
1142 3679 1209 3745 phil.

138 3753 180 3812 87,
200 3752 248 3802 519
257 3764 295 3814 sq.
317 3749 321 3815 Ι
343 3753 358 3802 6
375 3750 473 3816 equitat
491 3752 526 3816 (v)
541 3751 546 3818 Ι
563 3755 576 3802 7
596 3755 722 3818 temperat
741 3751 795 3815 (ull
823 3751 854 3801 13
873 3746 955 3807 Quid?
985 3748 1017 3802 F.
1030 3749 1210 3800 Corrchmano

136 3819 288 3868 Horatiana
305 3833 331 3883 p.
351 3819 428 3883 disq.

221 3884 254 3934 lll
272 3901 296 3936 o.
317 3888 348 3938 16
366 3901 446 3951 ,puer,
464 3886 523 3937 edd.
542 3887 684 3953 pleraeque
