2640 4372
525 232 697 285 GARMlNUM
714 235 745 287 lll
763 239 788 288 3.
805 240 829 291 4.

266 401 421 463 Horrenda
436 404 493 463 late
509 423 616 465 nomen
633 406 663 464 in
680 405 795 466 ultimas

267 486 413 547 Extendat
427 506 502 562 oras,
517 507 574 569 qua
591 489 703 550 medius
718 490 816 568 liquor

314 573 448 633 Secernit
463 573 602 652 Europen
619 574 655 633 ab
670 576 751 647 diro,

364 657 427 728 Qua
443 659 572 718 tumidus
587 658 662 735 rigat
678 677 744 718 arra
760 659 852 733 Nilus,

266 777 379 834 Aurum
395 775 577 854 inrepertum
594 786 623 836 et
638 777 680 836 sic
695 778 799 838 melius
814 779 911 852 situm,

269 859 341 920 Cum
359 868 435 921 terra
451 860 535 931 celat,
551 878 694 939 spernere
710 863 816 922 fortior

315 944 409 1014 Quam
425 962 531 1022 cogere
547 946 694 1006 humanos
709 948 740 1005 in
756 965 828 1007 usus

366 1028 463 1090 Omne
479 1048 595 1090 sacrum
613 1030 745 1110 rapiente
762 1031 872 1091 dextra.

269 1148 455 1225 Quicumque
471 1148 581 1207 mundo
598 1149 742 1209 terminus
758 1149 879 1222 obstitit,

269 1232 357 1292 Hunc
373 1241 475 1310 tanget
489 1234 587 1303 armis,
602 1232 697 1293 visere
712 1233 851 1310 gestiens,

316 1316 379 1387 Qua
390 1326 477 1395 parte
492 1317 711 1377 debacchentur
725 1318 819 1397 ignes,

367 1401 432 1471 Qua
449 1401 573 1462 nebulae
588 1402 739 1480 pluviique
755 1421 848 1464 rores.

270 1516 328 1578 Sed
343 1519 490 1578 bellicosis
504 1520 562 1579 lata
578 1518 743 1589 Quiritibus

272 1603 332 1663 llac
348 1604 412 1681 lege
428 1603 503 1674 dico,
521 1622 558 1663 ne
575 1603 698 1663 nimium
714 1604 754 1681 pii

318 1686 479 1765 Rebusque
496 1689 621 1747 fidentes
637 1688 727 1746 avitae

375 1771 462 1831 Tecta
480 1772 568 1832 velint
584 1790 721 1849 reparare
737 1771 856 1833 Troiae:

272 1887 377 1948 'lroiae
392 1908 550 1950 renascens
566 1890 632 1949 alite
648 1889 765 1968 lugubri

271 1972 405 2033 Fortuna
421 1975 496 2034 tristi
511 1975 593 2034 clade
609 1974 771 2045 iterabitur,

317 2058 452 2119 [lucente
467 2059 602 2119 victrices
617 2069 745 2119 catervas

370 2143 501 2222 Coniuge
517 2162 564 2203 me
579 2143 654 2203 lovis
669 2155 698 2203 et
713 2162 825 2204 sorore.

272 2260 331 2320 Ter
346 2262 369 2321 si
385 2271 521 2340 resurgat
534 2280 637 2321 murus
651 2280 761 2322 aeneus

275 2348 402 2406 Auctore
419 2346 549 2419 Phoebo,
565 2356 610 2405 ter
626 2357 727 2424 pereat
742 2347 814 2407 meis

320 2429 442 2491 Excisus
457 2431 580 2508 Argivis,
596 2439 642 2489 ter
657 2449 731 2489 uxor

374 2515 463 2592 Capta
478 2515 572 2573 virum
589 2532 757 2592 puerosque
773 2503 896 2591 ploretl’
916 2547 954 2556 -

275 2632 341 2691 Non
357 2633 413 2691 hoc
428 2632 545 2692 iocosae
561 2630 718 2690 conveniet
732 2630 825 2708 lyrae3

275 2715 351 2788 Quo,
367 2716 459 2789 Musa,
474 2712 591 2776 tendis?
607 2715 708 2774 desine
724 2715 859 2792 pervicax

323 2801 445 2861 Referre
461 2818 614 2861 sermones
630 2800 752 2859 deorum
768 2809 797 2858 et

373 2886 477 2965 blagna
494 2885 588 2946 modis
603 2894 727 2944 tenuare
742 2884 847 2962 parvis.

608 3107 758 3114 ...—

669 3272 706 3330 lV

279 3392 431 3452 Descende
446 3391 525 3451 caelo
542 3401 571 3450 et
585 3391 632 3450 dic
647 3408 698 3468 age
714 3389 783 3448 tibia

278 3476 390 3554 Regina
405 3477 527 3553 longum
543 3475 672 3553 Calliope
689 3475 780 3533 melos

325 3561 383 3622 Seu
399 3579 470 3621 voce
486 3579 567 3620 nunc
583 3559 673 3619 maris
688 3567 771 3618 acuta

376 3647 433 3706 Seu
449 3644 555 3705 fidibus
571 3644 739 3721 citharaque
755 3642 882 3703 Phoebil

237 3897 270 3949 lV
288 3916 311 3950 o.
331 3902 347 3950 4
365 3898 522 3964 citharaque]
540 3899 575 3962 (v)
592 3897 693 3948 Bacch:
712 3895 840 3946 citharaue
