2640 4372
504 227 692 281 sortiturum
710 230 719 281 l
738 233 762 282 3.
778 233 802 282 4.

212 399 270 460 Nec
293 400 389 460 soleas
411 400 489 473 fecit,
513 410 596 462 sutor
617 410 715 460 umen
740 409 783 461 est
806 392 942 480 sapiens?
990 401 1070 472 Qui?

207 477 257 545 ‘Ut
279 485 412 563 quamvis
433 493 510 545 tacet
531 485 744 564 Hermogenes,
768 494 873 547 cautor
895 496 994 547 tamen
1018 497 1105 566 atque

212 568 348 648 Optimus
370 578 414 631 est
436 570 611 643 modulator,
634 581 666 630 ut
688 570 811 631 Alfenus
834 573 913 632 valer
935 573 1016 633 omui
1156 585 1198 636 ltu

210 653 332 715 Abiecto
355 654 554 715 instrumento
577 655 647 715 artis
669 656 826 733 clausaque
850 656 972 717 taberna

213 736 331 799 Tonsor
353 748 424 811 erut,
447 740 567 836 sapiens
589 740 689 840 operis
712 741 754 801 sic
777 749 829 819 opt
831 741 906 802 imus
929 742 1025 802 omnis

211 821 263 884 Est
285 823 393 903 opifex,
417 824 498 884 solus
520 825 563 885 sic
584 842 646 885 rex.
696 824 814 885 Velluut
836 824 888 884 tibi
912 825 1034 886 barbam

211 906 324 968 Lascivi
346 909 449 987 pueri
471 927 547 1004 quos
568 920 601 969 tu
624 909 680 969 nisi
703 910 781 969 suste
804 927 933 982 coerces,

210 991 332 1071 Urgeris
352 992 440 1054 turba
463 993 575 1054 circum
597 1003 626 1054 te
649 1001 746 1054 stante
767 994 915 1073 miserque
1157 1006 1199 1056 lut

209 1075 368 1156 Rumperis
391 1087 420 1138 et
441 1079 539 1150 latras,
563 1096 736 1155 magnorum
760 1079 884 1139 maxime
906 1097 1020 1157 regum.
1045 1113 1083 1123 —

211 1160 253 1221 Ne
275 1161 398 1240 longum
422 1163 541 1224 faciam:
565 1163 635 1223 dum
657 1172 691 1223 tu
713 1162 875 1241 quadrante
898 1166 1022 1225 lavatum

210 1245 272 1306 Rex
294 1245 352 1308 ibis
374 1266 472 1326 neque
496 1257 524 1308 te
548 1248 703 1326 quisquam
726 1248 851 1327 stipator
872 1249 1006 1328 ineptum

211 1330 333 1392 Praeter
355 1331 524 1412 Crispinum
546 1333 716 1405 sectabitur,
740 1342 769 1392 et
791 1334 861 1394 mibi
885 1334 986 1394 dulces

211 1414 380 1494 [gnosceut
403 1416 498 1495 siquid
523 1435 648 1496 peccaro
670 1418 787 1491 stultus,
810 1419 894 1479 amici
1156 1428 1199 1478 ltu

211 1499 304 1579 loque
327 1500 420 1562 vicem
443 1502 560 1563 illorum
584 1503 678 1581 patiar
701 1502 804 1563 delicta
827 1503 957 1564 libenter

211 1584 403 1663 Privatusque
425 1588 517 1665 magis
538 1588 631 1647 vivam
654 1597 683 1647 te
705 1604 775 1665 rege
797 1587 909 1649 beatus.

642 1806 679 1865 lv

211 1921 334 2002 Eupolis
355 1932 444 2002 atque
468 1923 604 1985 Cratinus
627 1925 897 2004 Aristophanesque
920 1935 1023 2004 poetae

213 2009 307 2086 Atque
330 2008 387 2082 alii,
409 2027 537 2087 quorum
560 2009 711 2070 comoedia
735 2011 832 2089 prisca
855 2010 983 2071 virorum
1006 2021 1060 2083 est,

213 2092 310 2171 Siquis
332 2101 395 2153 erat
416 2093 523 2172 dignus
546 2094 680 2168 describi,
704 2096 783 2173 quod
806 2097 899 2156 malus
921 2115 955 2157 ac
978 2098 1035 2170 lur,

211 2177 298 2248 Quod
319 2178 461 2239 moechus
483 2180 561 2240 soret
582 2190 633 2241 aut
654 2180 778 2241 sicarius
800 2190 850 2241 aut
871 2182 979 2260 alioqui

212 2260 363 2336 Famosus‚
386 2263 477 2324 multa
500 2283 566 2324 cum
591 2266 726 2326 libertate
749 2266 901 2326 notabant.

212 2346 290 2408 Hinc
313 2348 410 2408 omnis
432 2350 541 2427 pendet
563 2349 704 2424 Lucilius,
726 2351 815 2410 hosce
838 2359 957 2411 secutus

212 2431 330 2494 llutatis
351 2440 466 2494 tautum
488 2434 614 2512 pedibus
637 2436 837 2512 numerisque,
861 2437 979 2508 facetus,

212 2515 375 2579 Emunctae
398 2518 486 2590 naris,
510 2518 602 2580 durus
624 2538 805 2598 componere
829 2538 937 2579 versus.

212 2600 285 2662 Nam
307 2603 363 2663 luit
385 2603 441 2663 boc
463 2603 599 2665 vitiosus:
623 2605 653 2663 iu
677 2604 749 2663 bora
772 2622 859 2682 saepe
882 2602 1037 2674 ducentos,

213 2684 252 2746 Ut
271 2704 422 2765 magnum,
445 2706 546 2750 versus
569 2690 696 2749 dictabat
717 2696 798 2749 staus
821 2688 895 2766 pede
918 2687 949 2746 iu
973 2704 1050 2760 uo0;
1172 2694 1200 2744 10

213 2768 285 2831 Cum
307 2772 413 2832 flueret
433 2773 606 2847 lutulentus,
630 2782 692 2833 erat
715 2773 794 2851 quod
816 2772 921 2832 tollere
942 2772 1046 2847 vellos;

212 2854 354 2917 Garrulus
375 2864 463 2936 atque
486 2859 569 2936 piger
591 2859 777 2920 scribendis
774 2876 840 2918 erre
862 2856 1003 2930 laborem,

213 2939 369 3001 Scribcudi
392 2951 472 3002 recte
456 2952 630 3023 e‚tnmu
618 2944 786 3046 tmulturp,
811 2943 853 3002 nil
874 2961 984 3003 moror
1024 2942 1112 3015 Ecce,

213 3022 366 3105 Crispinus
387 3027 509 3087 minimo
532 3047 578 3087 me
601 3039 741 3107 provocat
759 3021 883 3107 ‘accipe
907 3029 930 3089 si
952 3029 1004 3101 vis,

212 3108 362 3190 Accipiam
385 3112 514 3188 tabulas;
537 3114 624 3173 detur
648 3113 733 3174 uobis
755 3113 847 3177 locus
872 3115 1200 3187 hora,15

212 3192 364 3270 Custodes,
387 3196 591 3258 videamust
558 3206 624 3258 uter
647 3199 713 3276 plus
735 3199 865 3259 scribere
888 3187 998 3277 possit
1025 3230 1065 3240 -

210 3277 246 3339 ui
269 3278 514 3356 benefecerunt,
538 3283 636 3362 inopis
658 3302 705 3342 me
729 3284 867 3361 quodque
889 3283 987 3361 pusilli

211 3361 379 3426 Finxeruut
400 3367 499 3440 animi,
521 3385 588 3427 raro
612 3377 642 3427 et
663 3385 812 3446 perpauca
833 3368 1014 3445 loquentem,

211 3449 249 3508 At
270 3457 303 3509 tu
326 3451 482 3512 conclusas
503 3453 626 3512 hircinis
648 3451 768 3513 follibus
789 3470 874 3512 auras

127 3565 328 3577 1————

214 3631 287 3685 lllu.
307 3636 353 3686 131
369 3635 516 3685 usuinoua
544 3635 548 3700 Ι
576 3636 622 3686 132
635 3628 759 3697 tonsor]
763 3651 846 3685 erasm
859 3625 1066 3685 characteribus
1080 3633 1123 3694 (m.
1142 3629 1199 3682 scil

83 3701 179 3765 pr.)
197 3698 246 3751 Ba:
265 3705 337 3754 sutor
352 3701 356 3767 Ι
374 3703 421 3755 133
441 3703 527 3768 opifex
545 3702 625 3764 solus,
643 3704 680 3753 sie
699 3703 754 3775 α1.Ι
777 3706 823 3755 140
841 3703 954 3770 peccabo
973 3703 1007 3764 Ιυ)
1032 3701 1036 3765 Ι
1061 3698 1200 3751 14211111

124 3768 224 3833 Porpb.
242 3773 272 3819 in
290 3770 374 3821 lemno.
393 3771 464 3821 rivet
453 3771 517 3822 tid.
534 3773 564 3820 in
582 3742 644 3821 udb

124 3900 134 3953 ¹
211 3835 287 3890 qu.
307 3841 338 3889 15
357 3839 444 3903 accipe
462 3839 512 3889 ism
529 3839 532 3905 Ι
548 3839 640 3889 dentur
663 3837 667 3904 Ι
689 3840 719 3890 18
738 3837 898 3904 loquentem]
916 3837 1062 3887 Lambinus
1079 3834 1173 3897 (Bentl
1176 3835 1199 3897 Ι

135 3905 257 3970 oquentis
