2640 4372
508 182 698 236 sermonum
717 187 726 238 l
745 191 769 239 2.
788 190 811 239 3.
1135 190 1195 249 129

213 350 309 425 Gallis,
331 352 409 414 lianc
431 354 618 417 Philodemus
640 358 679 417 ait
700 356 765 429 sibi,
789 376 864 434 qnae
889 378 985 438 neque
1008 379 1114 440 magno

212 434 274 498 Stet
296 438 394 515 pretio
417 457 515 518 neque
538 450 704 513 cunctetur,
728 460 794 502 cum
819 452 863 504 est
886 443 962 505 iussa
985 445 1094 506 venire.

212 519 338 583 unnim
362 532 499 603 rectaque
522 526 570 600 sit,
592 526 701 587 munda
724 527 877 599 hactenus,
901 538 933 589 nt
955 548 1052 608 neque
1075 531 1162 612 longa

210 605 267 668 Noc
289 607 384 684 magis
405 608 469 669 alba
492 610 560 671 velit
582 629 669 689 quam
692 611 740 671 dat
764 621 867 672 natura
889 613 989 673 videri.

210 690 297 765 llaec,
321 691 372 752 ubi
394 696 550 774 supposuit
572 695 674 756 dextro
698 713 808 775 corpus
830 697 900 757 mihi
923 697 1046 772 laevum,
1155 711 1196 762 leh

211 775 261 838 llia
284 787 315 837 et
337 776 442 857 Egerio
464 790 518 851 est,
541 780 579 840 do
603 799 712 841 nomen
736 780 886 858 quodlibet
909 782 948 841 illi

148 926 151 931 ,
209 861 268 923 Nec
290 880 403 936 vereor,
427 883 473 938 ne,
496 865 565 925 dum
588 867 681 938 intuo,
706 865 747 925 vir
770 882 839 925 rure
863 875 1005 940 recurrat,

210 944 301 1008 lanua
322 946 486 1027 frangatur,
510 949 595 1010 latret
618 951 707 1023 canis,
732 950 862 1028 undique
885 969 992 1031 magno

210 1030 297 1093 Pulsa
319 1032 425 1094 domus
447 1035 571 1112 strepitu
595 1043 724 1106 resonet,
747 1036 886 1113 vepallida
911 1036 986 1096 lecto

211 1115 329 1178 Desiliat
352 1117 466 1191 mulier,
489 1119 624 1180 miseram
648 1139 679 1181 se
702 1120 820 1180 conscia
843 1121 957 1192 clamet,
1156 1132 1196 1183 lto

212 1198 356 1263 eruribus
378 1203 449 1264 haec
472 1213 593 1277 metuat,
616 1204 677 1265 doti
700 1204 857 1283 deprensa,
880 1214 997 1282 egomet
1020 1206 1069 1266 mi.

211 1283 358 1348 hiscimu
381 1288 479 1348 tunica
502 1289 676 1366 fugiendum
700 1300 743 1350 est
765 1308 799 1350 ac
823 1290 896 1369 pede
920 1290 1010 1363 nudo,

211 1368 251 1431 Nc
275 1372 389 1432 nummi
412 1382 535 1451 pereant
557 1384 607 1434 aut
629 1393 706 1453 puga
729 1384 780 1434 aut
803 1375 931 1453 deniqne
954 1376 1039 1436 lama.

212 1452 359 1536 Deprendi
382 1458 523 1519 miserum
547 1466 605 1519 ost:
629 1459 719 1519 Fabio
745 1461 787 1519 vel
811 1459 906 1520 iudice
931 1460 1053 1520 vincam.

641 1745 679 1805 lll

212 1860 356 1925 Omnibus
377 1864 434 1925 hoc
457 1865 558 1926 vitium
582 1875 625 1926 est
647 1863 828 1937 cantoribus,
852 1865 931 1924 inter
952 1864 1062 1926 amicos

211 1944 247 2007 Ut
268 1967 431 2028 numquam
454 1950 596 2010 inducant
618 1950 748 2010 animum
771 1959 890 2010 cantare
912 1949 1015 2027 rogati,

211 2030 320 2094 iniussi
342 2053 504 2113 numquam
527 2035 679 2096 desistant.
724 2035 835 2095 Sardus
858 2033 984 2094 hahebat

210 2115 262 2178 llle
285 2118 426 2197 Tigellius
448 2120 520 2181 hoc:
545 2120 658 2192 Caesar,
682 2120 732 2198 qni
755 2138 862 2199 cogere
884 2128 993 2198 posset,

213 2200 243 2263 Si
265 2213 381 2282 peteret
401 2223 455 2284 per
477 2204 632 2265 amicitiam
656 2205 746 2283 patris
768 2213 856 2284 atque
878 2223 978 2277 suam,¹
995 2223 1055 2264 non
1184 2215 1199 2262 o

212 2285 377 2366 Quicquam
400 2291 575 2368 proliceret3
598 2290 622 2351 si
645 2289 847 2362 conlibuisset,
870 2289 907 2350 ah
930 2308 984 2349 ovo

215 2369 313 2450 Usque
335 2374 370 2434 ad
395 2374 467 2434 mala
491 2375 594 2435 citaret
613 2367 655 2434 ‘io
679 2365 799 2435 Bacche'
826 2374 912 2434 modo
936 2390 1048 2435 summa

214 2454 302 2531 Voce,
324 2459 412 2519 modo
435 2461 499 2532 hac,
521 2469 642 2521 resonat
665 2478 739 2537 quae
763 2458 880 2518 chordis
903 2466 1043 2536 quattuor
1064 2455 1132 2515 ima.

212 2538 259 2601 Nil
282 2543 402 2621 aequale
425 2544 540 2605 homini
564 2544 617 2605 fnit
639 2544 696 2604 illi:
719 2561 807 2620 saepe
831 2543 909 2601 velut
931 2541 981 2619 qni

212 2622 356 2688 Currehat
377 2628 495 2708 lugiens
517 2630 641 2700 hostem,
665 2645 807 2706 persaepe
829 2626 908 2685 velut
931 2624 982 2703 qui
1172 2632 1199 2683 lo

213 2707 336 2774 lunonis
358 2731 439 2774 sacra
460 2716 569 2787 lerret;
592 2713 718 2773 habehat
738 2730 824 2790 saepe
847 2710 1002 2782 ducentos,

213 2793 306 2876 Saepe
328 2798 430 2859 decem
452 2817 568 2873 servos3
592 2797 680 2858 modo
702 2815 788 2875 reges
810 2805 897 2874 atque
920 2793 1091 2865 tetrarchas,

214 2879 319 2943 Omnia
335 2900 440 2962 magna
456 2884 592 2962 loquens,
608 2883 695 2942 modo
708 2875 760 2942 ‘sit
775 2881 846 2941 mihi
861 2899 962 2941 mensa
979 2877 1069 2957 tripes
1085 2887 1114 2938 et

213 2963 331 3028 Concha
353 2968 422 3030 salis
444 2969 511 3048 puri
535 2976 564 3029 et
585 2975 661 3045 toga,
685 2985 760 3045 quae
783 2966 940 3027 defendere
964 2963 1064 3042 frigus,

212 3048 479 3127 dinumerasse,
504 3046 609 3132 queat.’
650 3052 775 3112 Deciens
797 3060 924 3112 centena
947 3048 1076 3110 dedisses
1171 3059 1200 3109 lo

212 3132 288 3197 lluio
310 3155 409 3216 parco,
432 3138 535 3217 paucis
557 3144 714 3210 contento;
739 3137 871 3214 quinque
894 3135 997 3197 diebus

127 3268 329 3280 ———

212 3385 232 3436 ll
252 3403 274 3438 o.
294 3390 342 3440 124
361 3387 404 3438 det
424 3388 428 3452 Ι
447 3391 492 3439 12Ί
514 3404 559 3439 nec
578 3394 663 3439 metuo
688 3385 693 3455 Ι
722 3389 768 3438 129
792 3384 883 3436 domus
902 3386 1008 3452 strepitu
1028 3388 1130 3437 resonet
1148 3383 1198 3446 vio,

125 3452 222 3520 pallide
243 3453 289 3506 Th.
305 3455 396 3520 Bergk
413 3471 502 3522 opusc.
518 3457 585 3521 phil.
598 3455 617 3506 ll
635 3458 683 3506 755
703 3457 794 3504 nimiis
812 3454 937 3505 laudibus
949 3457 1117 3518 ingeniosam
1129 3453 1198 3502 loono

125 3536 190 3573 eane
206 3537 296 3586 mum,
323 3524 370 3573 sed
397 3529 467 3574 certe
485 3540 539 3574 non
558 3526 734 3574 necessariam
753 3526 932 3573 coniecturam
962 3521 1091 3572 extollens
1117 3517 1121 3584 Ι
1148 3533 1197 3570 uae

125 3590 155 3653 (s.
176 3603 234 3642 noe.
259 3595 284 3641 et
305 3606 336 3643 ne
357 3608 378 3642 s.
403 3594 453 3656 ne.)
478 3592 583 3657 pallido]
606 3592 670 3642 libri
687 3589 744 3651 fere
763 3606 866 3640 omnes:
885 3605 917 3641 ne
936 3588 1029 3655 pallida
1048 3587 1093 3656 (o),
1112 3587 1198 3638 Booti.

128 3657 156 3710 0.
174 3656 291 3710 Ribbeck
307 3675 332 3711 z.
352 3659 436 3710 Lohre
453 3676 476 3710 o.
496 3660 519 3709 d.
540 3661 586 3712 lot.
606 3658 743 3709 Partiheln
758 3674 787 3723 p.
810 3661 836 3710 ll

211 3724 241 3776 lll
258 3742 282 3778 o.
301 3730 315 3778 'l
336 3726 442 3790 Bacche]
471 3726 569 3779 Bocche
592 3744 621 3785 υς
646 3727 834 3792 productionis
856 3730 948 3776 notam
971 3723 1067 3774 addidi
1089 3722 1200 3772 ultimos

125 3793 311 3913 pyhadnctpor
331 3811 358 3844 ce
381 3798 463 3856 breui,
491 3793 527 3856 os.
546 3810 637 3846 eonem.
661 3792 809 3861 Woelfflin.
834 3810 862 3858 p.
887 3796 992 3856 lldsq.:
1024 3789 1138 3840 Bacchae
1160 3788 1200 3855 nl

159 3875 251 3913 resono

177 3953 290 3996 Herelius.
979 3943 994 3992 9
