2640 4372
526 236 698 289 CARMINUM
714 239 744 291 lli
764 244 801 293 11.

650 459 688 518 xl

256 589 394 668 Mercuri,
419 610 485 651 nam
509 602 538 652 te
560 593 663 654 docilis
685 594 824 672 magistro

257 673 346 735 Movit
368 676 514 755 Amphion
539 676 649 756 lapides
671 679 813 752 canendo,

258 758 363 836 Tuque
385 762 502 821 testudo
523 780 664 823 resonare
686 774 796 842 septem

346 844 452 906 Callida
475 847 581 920 nervis,

256 963 316 1023 Nec
339 964 446 1042 loquax
468 965 537 1024 olim
564 983 661 1043 neque
683 975 774 1043 grata,
800 983 881 1024 nune
905 974 934 1025 et
1146 982 1161 1029 t

259 1047 384 1108 Divitum
408 1049 518 1110 mensis
541 1059 570 1109 et
592 1050 682 1109 arniea
707 1049 835 1127 templis,

257 1131 445 1204 Diomedes,
470 1134 548 1213 Lyde
572 1135 680 1212 quibus
702 1134 863 1195 obstinatas

345 1217 478 1296 Adplieet
499 1219 586 1292 auris,

261 1333 342 1403 Quae
364 1336 445 1396 velnt
465 1337 530 1397 latis
554 1355 628 1415 equa
649 1337 735 1397 trima
758 1338 871 1416 eampis

256 1419 344 1480 Ludit
365 1421 485 1481 exultim
507 1423 670 1500 metuitque
694 1425 783 1501 tangi,

260 1503 432 1583 Nuptiarum
457 1524 562 1585 expers
585 1516 616 1566 et
636 1507 731 1568 adhue
753 1516 892 1586 protervo

347 1587 440 1649 Cruda
463 1591 579 1650 marito.

257 1704 306 1764 Tu
328 1715 413 1784 potes
435 1708 519 1785 tigris
542 1707 723 1786 comitesque
746 1708 831 1770 silvas

256 1790 375 1852 Ducere
398 1802 426 1852 et
449 1793 526 1853 rivos
549 1793 661 1853 celeres
683 1793 801 1866 morari,

257 1875 350 1936 Cessit
371 1877 499 1938 inmanis
522 1877 574 1937 tibi
599 1877 761 1938 blandienti

343 1961 456 2022 Ianitor
477 1962 560 2022 aulae

257 2078 411 2152 Cerberus,
435 2081 566 2158 quamvis
588 2079 692 2139 luriale
715 2088 835 2140 centum

255 2164 391 2225 Muniant
412 2184 524 2244 angues
547 2174 637 2243 caput
658 2165 720 2225 eius
742 2173 830 2242 atque

258 2250 384 2329 Spiritus
407 2258 499 2310 taeter
521 2251 680 2328 saniesque
702 2260 802 2310 manet

346 2334 404 2394 Ore
427 2336 574 2413 trilingui3

257 2450 336 2520 Quin
360 2461 389 2512 et
410 2452 493 2512 Ixion
517 2452 677 2531 Tityosque
699 2451 779 2511 voltu

259 2535 334 2594 Risit
354 2535 457 2608 invite,
480 2536 562 2597 stetit
583 2555 658 2596 urna
680 2535 801 2613 paulum

258 2618 350 2688 Sicca,
374 2620 443 2679 dum
466 2628 548 2698 grato
572 2620 662 2680 Danai
685 2619 798 2696 puellas

345 2703 480 2765 Carmine
502 2704 623 2765 mulces.
645 2739 687 2750 -

256 2823 362 2883 Audiat
384 2822 463 2902 Lyde
485 2823 581 2884 scelus
603 2832 690 2901 atque
715 2830 799 2882 notas

257 2907 408 2986 Virginum
432 2927 544 2987 poenas
566 2917 595 2968 et
616 2909 705 2968 inane
728 2906 864 2986 lymphae

256 2992 371 3053 Delium
395 2995 487 3053 fundo
511 2995 663 3072 pereuntis
685 2993 744 3052 ima

346 3080 475 3157 Senaque
497 3079 564 3150 lata,

255 3196 337 3266 Quae
360 3205 482 3257 manent
503 3197 604 3275 culpas
627 3196 715 3257 etiam
737 3194 791 3256 sub
817 3193 911 3255 Orco:

255 3280 363 3358 lrnpiae
385 3313 399 3324 ·
416 3299 483 3340 narn
507 3282 577 3359 quid
601 3291 725 3359 potuere
747 3277 861 3340 maius?
877 3312 891 3323 ·

255 3365 365 3443 Impiae
386 3373 512 3443 sponsos
534 3375 659 3444 potuere
680 3366 755 3426 duro
789 3431 791 3435 ¹

346 3450 471 3510 Perdere
495 3451 584 3510 ferro.

125 3586 330 3595 ..———

211 3698 242 3749 xl
255 3714 276 3748 a.
289 3699 556 3762 [tt-201HtMAKt
575 3702 604 3752 18
618 3699 768 3765 elfluatque,
786 3700 865 3765 quod,
883 3702 907 3749 si
924 3702 1072 3750 mutatione
1090 3699 1199 3746 omnino

125 3783 192 3818 nus
219 3772 270 3830 est,
296 3769 414 3817 maoeim
437 3769 504 3818 milti
525 3769 658 3831 placeret,
690 3768 753 3816 olim
781 3785 797 3817 α
824 3783 865 3816 me
881 3772 1031 3827 inventum,
1058 3767 1200 3829 occupavit

149 3851 262 3885 asuerus
280 3839 312 3896 (v.
331 3837 421 3898 dani),
446 3840 502 3885 tem
526 3837 662 3885 Housman
680 3835 776 3900 joann.
800 3833 835 3894 of
850 3837 917 3900 phil.
942 3834 963 3884 X
989 3837 1020 3885 20
1044 3849 1072 3898 p.
1092 3834 1198 3897 tssusq„

124 3904 182 3954 alin
201 3903 250 3953 alit
268 3920 284 3953 a
302 3903 509 3967 Dillenburgero
528 3908 555 3953 et
571 3901 770 3962 Hirschfeldero
789 3904 872 3954 allata
888 3904 892 3968 Ι
908 3904 1028 3965 [tt-52]
1047 3902 1077 3951 t*
