<?xml version="1.0" encoding="UTF-8"?>
<!DOCTYPE html PUBLIC "-//W3C//DTD XHTML 1.0 Transitional//EN"
    "http://www.w3.org/TR/xhtml1/DTD/xhtml1-transitional.dtd">
<html xmlns="http://www.w3.org/1999/xhtml" xml:lang="en" lang="en">
 <head>
  <title>
</title>
<meta http-equiv="Content-Type" content="text/html;charset=utf-8" />
  <meta name='ocr-system' content='tesseract 3.04.00' />
  <meta name='ocr-capabilities' content='ocr_page ocr_carea ocr_par ocr_line ocrx_word'/>
</head>
<body>
  <div class='ocr_page' id='page_1' title='image "./qhoratiiflaccic01hertgoog_0165.png"; bbox 0 0 2640 4372; ppageno 0'>
   <div class='ocr_carea' id='block_1_1' title="bbox 351 292 949 390">
    <p class='ocr_par' dir='ltr' id='par_1_1' title="bbox 351 292 949 390">
     <span class='ocr_line' id='line_1_1' title="bbox 351 292 949 390; baseline -0.005 -1"><span class='ocrx_word' id='word_1_1' title='bbox 351 292 949 390; x_wconf 84' lang='lat' dir='ltr'><strong>SATIRARUM</strong></span> 
     </span>
    </p>
   </div>
   <div class='ocr_carea' id='block_1_2' title="bbox 508 492 796 545">
    <p class='ocr_par' dir='ltr' id='par_1_2' title="bbox 508 492 796 545">
     <span class='ocr_line' id='line_1_2' title="bbox 508 492 796 545; baseline 0 -1"><span class='ocrx_word' id='word_1_2' title='bbox 508 493 601 545; x_wconf 82' lang='lat' dir='ltr'>blBER</span> <span class='ocrx_word' id='word_1_3' title='bbox 620 492 796 545; x_wconf 80' lang='lat' dir='ltr'>SECUNDUS.</span> 
     </span>
    </p>
   </div>
   <div class='ocr_carea' id='block_1_3' title="bbox 646 665 658 725">
    <p class='ocr_par' dir='ltr' id='par_1_3' title="bbox 646 665 658 725">
     <span class='ocr_line' id='line_1_3' title="bbox 646 665 658 725; baseline 0 0"><span class='ocrx_word' id='word_1_4' title='bbox 646 665 658 725; x_wconf 97' lang='lat' dir='ltr'>l</span> 
     </span>
    </p>
   </div>
   <div class='ocr_carea' id='block_1_4' title="bbox 128 778 1181 2904">
    <p class='ocr_par' dir='ltr' id='par_1_4' title="bbox 201 778 1181 2811">
     <span class='ocr_line' id='line_1_4' title="bbox 201 778 1056 863; baseline -0.002 -16"><span class='ocrx_word' id='word_1_5' title='bbox 201 778 293 847; x_wconf 87' lang='lat' dir='ltr'>‘Sunt</span> <span class='ocrx_word' id='word_1_6' title='bbox 315 783 423 863; x_wconf 90' lang='lat' dir='ltr'>quibus</span> <span class='ocrx_word' id='word_1_7' title='bbox 445 785 474 845; x_wconf 90' lang='lat' dir='ltr'>in</span> <span class='ocrx_word' id='word_1_8' title='bbox 499 785 585 846; x_wconf 86' lang='lat' dir='ltr'>satira</span> <span class='ocrx_word' id='word_1_9' title='bbox 608 785 706 844; x_wconf 87' lang='lat' dir='ltr'>videar</span> <span class='ocrx_word' id='word_1_10' title='bbox 729 784 817 844; x_wconf 93' lang='lat' dir='ltr'>nimis</span> <span class='ocrx_word' id='word_1_11' title='bbox 840 801 908 843; x_wconf 89' lang='lat' dir='ltr'>acer</span> <span class='ocrx_word' id='word_1_12' title='bbox 929 793 959 843; x_wconf 92' lang='lat' dir='ltr'>et</span> <span class='ocrx_word' id='word_1_13' title='bbox 981 785 1056 845; x_wconf 92' lang='lat' dir='ltr'>ultra</span> 
     </span>
     <span class='ocr_line' id='line_1_5' title="bbox 203 868 1048 950; baseline -0.001 -18"><span class='ocrx_word' id='word_1_14' title='bbox 203 871 312 950; x_wconf 80' lang='lat' dir='ltr'><strong>Legem</strong></span> <span class='ocrx_word' id='word_1_15' title='bbox 335 871 457 930; x_wconf 85' lang='lat' dir='ltr'>tondere</span> <span class='ocrx_word' id='word_1_16' title='bbox 481 890 566 949; x_wconf 89' lang='lat' dir='ltr'>opus,</span> <span class='ocrx_word' id='word_1_17' title='bbox 589 871 653 931; x_wconf 91' lang='lat' dir='ltr'>sinc</span> <span class='ocrx_word' id='word_1_18' title='bbox 675 869 773 930; x_wconf 82' lang='lat' dir='ltr'>nervis</span> <span class='ocrx_word' id='word_1_19' title='bbox 795 868 884 928; x_wconf 88' lang='lat' dir='ltr'>altera</span> <span class='ocrx_word' id='word_1_20' title='bbox 907 870 1048 949; x_wconf 90' lang='lat' dir='ltr'>quidquid</span> 
     </span>
     <span class='ocr_line' id='line_1_6' title="bbox 204 955 996 1035; baseline -0.006 -16"><span class='ocrx_word' id='word_1_21' title='bbox 204 955 373 1035; x_wconf 82' lang='lat' dir='ltr'>Composui,</span> <span class='ocrx_word' id='word_1_22' title='bbox 395 974 464 1034; x_wconf 91' lang='lat' dir='ltr'>pars</span> <span class='ocrx_word' id='word_1_23' title='bbox 487 974 550 1016; x_wconf 82' lang='lat' dir='ltr'>esse</span> <span class='ocrx_word' id='word_1_24' title='bbox 572 965 656 1035; x_wconf 88' lang='lat' dir='ltr'>putat</span> <span class='ocrx_word' id='word_1_25' title='bbox 677 955 839 1031; x_wconf 86' lang='lat' dir='ltr'>similisque</span> <span class='ocrx_word' id='word_1_26' title='bbox 862 972 996 1014; x_wconf 92' lang='lat' dir='ltr'>meorum</span> 
     </span>
     <span class='ocr_line' id='line_1_7' title="bbox 204 1039 896 1141; baseline -0.008 -38"><span class='ocrx_word' id='word_1_27' title='bbox 204 1041 283 1103; x_wconf 84' lang='lat' dir='ltr'>blille</span> <span class='ocrx_word' id='word_1_28' title='bbox 306 1041 352 1100; x_wconf 93' lang='lat' dir='ltr'>die</span> <span class='ocrx_word' id='word_1_29' title='bbox 373 1059 476 1102; x_wconf 85' lang='lat' dir='ltr'>versus</span> <span class='ocrx_word' id='word_1_30' title='bbox 498 1040 603 1100; x_wconf 89' lang='lat' dir='ltr'>deduci</span> <span class='ocrx_word' id='word_1_31' title='bbox 618 1059 722 1141; x_wconf 88' lang='lat' dir='ltr'>posse.</span> <span class='ocrx_word' id='word_1_32' title='bbox 767 1039 896 1110; x_wconf 87' lang='lat' dir='ltr'>Trebati,</span> 
     </span>
     <span class='ocr_line' id='line_1_8' title="bbox 206 1114 1181 1226; baseline -0.002 -40"><span class='ocrx_word' id='word_1_33' title='bbox 206 1127 282 1197; x_wconf 85' lang='lat' dir='ltr'>Quid</span> <span class='ocrx_word' id='word_1_34' title='bbox 306 1126 418 1199; x_wconf 80' lang='lat' dir='ltr'>faciam,</span> <span class='ocrx_word' id='word_1_35' title='bbox 442 1116 627 1226; x_wconf 67' lang='lat' dir='ltr'>praescribe?</span> <span class='ocrx_word' id='word_1_36' title='bbox 664 1114 835 1195; x_wconf 83' lang='lat' dir='ltr'>‘Quiescas&#39;</span> <span class='ocrx_word' id='word_1_37' title='bbox 872 1116 930 1184; x_wconf 88' lang='lat' dir='ltr'>‘Ne</span> <span class='ocrx_word' id='word_1_38' title='bbox 945 1123 1089 1197; x_wconf 87' lang='lat' dir='ltr'>laciam,&#39;</span> <span class='ocrx_word' id='word_1_39' title='bbox 1081 1123 1181 1203; x_wconf 81' lang='lat' dir='ltr'>inquis,</span> 
     </span>
     <span class='ocr_line' id='line_1_9' title="bbox 206 1172 1022 1281; baseline -0.004 -9"><span class='ocrx_word' id='word_1_40' title='bbox 206 1211 336 1272; x_wconf 83' lang='lat' dir='ltr'><strong>Omnino</strong></span> <span class='ocrx_word' id='word_1_41' title='bbox 358 1172 495 1271; x_wconf 70' lang='lat' dir='ltr'>verdusl&#39;</span> <span class='ocrx_word' id='word_1_42' title='bbox 528 1201 614 1270; x_wconf 78' lang='lat' dir='ltr'>‘Aio&#39;</span> <span class='ocrx_word' id='word_1_43' title='bbox 647 1203 782 1270; x_wconf 80' lang='lat' dir='ltr'>‘Persam</span> <span class='ocrx_word' id='word_1_44' title='bbox 806 1209 890 1281; x_wconf 88' lang='lat' dir='ltr'>male,</span> <span class='ocrx_word' id='word_1_45' title='bbox 913 1209 938 1270; x_wconf 92' lang='lat' dir='ltr'>si</span> <span class='ocrx_word' id='word_1_46' title='bbox 961 1228 1022 1269; x_wconf 93' lang='lat' dir='ltr'>nou</span> 
     </span>
     <span class='ocr_line' id='line_1_10' title="bbox 206 1284 1101 1375; baseline -0.002 -18"><span class='ocrx_word' id='word_1_47' title='bbox 206 1296 358 1375; x_wconf 86' lang='lat' dir='ltr'>Optimum</span> <span class='ocrx_word' id='word_1_48' title='bbox 382 1304 453 1365; x_wconf 90' lang='lat' dir='ltr'>erat,</span> <span class='ocrx_word' id='word_1_49' title='bbox 478 1313 577 1354; x_wconf 90' lang='lat' dir='ltr'>verum</span> <span class='ocrx_word' id='word_1_50' title='bbox 603 1314 717 1373; x_wconf 81' lang='lat' dir='ltr'>nequeo</span> <span class='ocrx_word' id='word_1_51' title='bbox 741 1284 888 1355; x_wconf 77' lang='lat' dir='ltr'>dormire.³</span> <span class='ocrx_word' id='word_1_52' title='bbox 925 1287 998 1354; x_wconf 85' lang='lat' dir='ltr'>‘Ter</span> <span class='ocrx_word' id='word_1_53' title='bbox 1019 1294 1101 1355; x_wconf 88' lang='lat' dir='ltr'>uncti</span> 
     </span>
     <span class='ocr_line' id='line_1_11' title="bbox 206 1378 1066 1458; baseline 0 -18"><span class='ocrx_word' id='word_1_54' title='bbox 206 1380 396 1440; x_wconf 85' lang='lat' dir='ltr'>Transnanto</span> <span class='ocrx_word' id='word_1_55' title='bbox 419 1378 549 1439; x_wconf 84' lang='lat' dir='ltr'>Tiberim</span> <span class='ocrx_word' id='word_1_56' title='bbox 573 1398 679 1440; x_wconf 90' lang='lat' dir='ltr'>somno</span> <span class='ocrx_word' id='word_1_57' title='bbox 703 1379 811 1458; x_wconf 92' lang='lat' dir='ltr'>quibus</span> <span class='ocrx_word' id='word_1_58' title='bbox 833 1388 878 1439; x_wconf 91' lang='lat' dir='ltr'>est</span> <span class='ocrx_word' id='word_1_59' title='bbox 900 1398 976 1458; x_wconf 89' lang='lat' dir='ltr'>opus</span> <span class='ocrx_word' id='word_1_60' title='bbox 997 1379 1066 1453; x_wconf 88' lang='lat' dir='ltr'>alto,</span> 
     </span>
     <span class='ocr_line' id='line_1_12' title="bbox 206 1465 1043 1544; baseline -0.001 -19"><span class='ocrx_word' id='word_1_61' title='bbox 206 1465 420 1543; x_wconf 74' lang='lat' dir='ltr'>inriguumque</span> <span class='ocrx_word' id='word_1_62' title='bbox 442 1482 525 1524; x_wconf 90' lang='lat' dir='ltr'>mero</span> <span class='ocrx_word' id='word_1_63' title='bbox 548 1465 602 1525; x_wconf 90' lang='lat' dir='ltr'>sub</span> <span class='ocrx_word' id='word_1_64' title='bbox 628 1473 744 1525; x_wconf 91' lang='lat' dir='ltr'>noctem</span> <span class='ocrx_word' id='word_1_65' title='bbox 769 1483 878 1544; x_wconf 90' lang='lat' dir='ltr'>corpus</span> <span class='ocrx_word' id='word_1_66' title='bbox 900 1465 1043 1540; x_wconf 90' lang='lat' dir='ltr'>habento;</span> 
     </span>
     <span class='ocr_line' id='line_1_13' title="bbox 208 1549 978 1629; baseline 0 -20"><span class='ocrx_word' id='word_1_67' title='bbox 208 1553 276 1622; x_wconf 75' lang='lat' dir='ltr'>Aut,</span> <span class='ocrx_word' id='word_1_68' title='bbox 299 1549 323 1610; x_wconf 91' lang='lat' dir='ltr'>si</span> <span class='ocrx_word' id='word_1_69' title='bbox 346 1559 446 1610; x_wconf 90' lang='lat' dir='ltr'>tantus</span> <span class='ocrx_word' id='word_1_70' title='bbox 468 1567 551 1609; x_wconf 86' lang='lat' dir='ltr'>amor</span> <span class='ocrx_word' id='word_1_71' title='bbox 573 1550 720 1610; x_wconf 87' lang='lat' dir='ltr'>scribendi</span> <span class='ocrx_word' id='word_1_72' title='bbox 743 1559 772 1610; x_wconf 92' lang='lat' dir='ltr'>te</span> <span class='ocrx_word' id='word_1_73' title='bbox 795 1550 880 1629; x_wconf 90' lang='lat' dir='ltr'>rapit,</span> <span class='ocrx_word' id='word_1_74' title='bbox 903 1549 978 1610; x_wconf 92' lang='lat' dir='ltr'>aude</span> 
     </span>
     <span class='ocr_line' id='line_1_14' title="bbox 210 1634 937 1706; baseline -0.004 -9"><span class='ocrx_word' id='word_1_75' title='bbox 210 1634 342 1697; x_wconf 82' lang='lat' dir='ltr'>Caesaris</span> <span class='ocrx_word' id='word_1_76' title='bbox 365 1635 464 1695; x_wconf 88' lang='lat' dir='ltr'>invicti</span> <span class='ocrx_word' id='word_1_77' title='bbox 487 1653 536 1695; x_wconf 89' lang='lat' dir='ltr'>res</span> <span class='ocrx_word' id='word_1_78' title='bbox 558 1635 665 1706; x_wconf 83' lang='lat' dir='ltr'>dicere,</span> <span class='ocrx_word' id='word_1_79' title='bbox 688 1634 779 1695; x_wconf 90' lang='lat' dir='ltr'>multa</span> <span class='ocrx_word' id='word_1_80' title='bbox 802 1635 937 1695; x_wconf 92' lang='lat' dir='ltr'>laborum</span> 
     </span>
     <span class='ocr_line' id='line_1_15' title="bbox 208 1710 1047 1818; baseline 0.001 -37"><span class='ocrx_word' id='word_1_81' title='bbox 208 1720 339 1781; x_wconf 82' lang='lat' dir='ltr'>Praemia</span> <span class='ocrx_word' id='word_1_82' title='bbox 361 1710 491 1782; x_wconf 76' lang='lat' dir='ltr'>laturus.²</span> <span class='ocrx_word' id='word_1_83' title='bbox 528 1713 698 1818; x_wconf 67' lang='lat' dir='ltr'>‘Cupidunq</span> <span class='ocrx_word' id='word_1_84' title='bbox 721 1730 805 1799; x_wconf 87' lang='lat' dir='ltr'>pater</span> <span class='ocrx_word' id='word_1_85' title='bbox 827 1720 947 1799; x_wconf 87' lang='lat' dir='ltr'>optime,</span> <span class='ocrx_word' id='word_1_86' title='bbox 970 1721 1047 1782; x_wconf 88' lang='lat' dir='ltr'>vires</span> 
     </span>
     <span class='ocr_line' id='line_1_16' title="bbox 208 1805 977 1885; baseline -0.004 -18"><span class='ocrx_word' id='word_1_87' title='bbox 208 1806 370 1867; x_wconf 86' lang='lat' dir='ltr'>Deficiunt·</span> <span class='ocrx_word' id='word_1_88' title='bbox 344 1815 491 1885; x_wconf 84' lang='lat' dir='ltr'>t‚ueque</span> <span class='ocrx_word' id='word_1_89' title='bbox 515 1807 594 1867; x_wconf 90' lang='lat' dir='ltr'>enim</span> <span class='ocrx_word' id='word_1_90' title='bbox 618 1806 712 1885; x_wconf 87' lang='lat' dir='ltr'>quiris</span> <span class='ocrx_word' id='word_1_91' title='bbox 735 1806 887 1866; x_wconf 81' lang='lat' dir='ltr'>horrentia</span> <span class='ocrx_word' id='word_1_92' title='bbox 910 1805 977 1884; x_wconf 90' lang='lat' dir='ltr'>pilis</span> 
     </span>
     <span class='ocr_line' id='line_1_17' title="bbox 210 1891 969 1971; baseline -0.001 -19"><span class='ocrx_word' id='word_1_93' title='bbox 210 1892 334 1971; x_wconf 77' lang='lat' dir='ltr'>Agmina</span> <span class='ocrx_word' id='word_1_94' title='bbox 358 1911 414 1952; x_wconf 94' lang='lat' dir='ltr'>nec</span> <span class='ocrx_word' id='word_1_95' title='bbox 436 1894 527 1952; x_wconf 82' lang='lat' dir='ltr'>fracta</span> <span class='ocrx_word' id='word_1_96' title='bbox 550 1893 703 1970; x_wconf 89' lang='lat' dir='ltr'>pereuntis</span> <span class='ocrx_word' id='word_1_97' title='bbox 725 1891 847 1969; x_wconf 85' lang='lat' dir='ltr'>cuspide</span> <span class='ocrx_word' id='word_1_98' title='bbox 871 1891 969 1951; x_wconf 87' lang='lat' dir='ltr'>Gallos</span> 
     </span>
     <span class='ocr_line' id='line_1_18' title="bbox 211 1964 961 2055; baseline -0.007 -16"><span class='ocrx_word' id='word_1_99' title='bbox 211 1982 270 2039; x_wconf 78' lang='lat' dir='ltr'>Aul</span> <span class='ocrx_word' id='word_1_100' title='bbox 291 1977 417 2038; x_wconf 88' lang='lat' dir='ltr'>labentis</span> <span class='ocrx_word' id='word_1_101' title='bbox 439 1996 516 2055; x_wconf 89' lang='lat' dir='ltr'>equo</span> <span class='ocrx_word' id='word_1_102' title='bbox 540 1978 679 2038; x_wconf 88' lang='lat' dir='ltr'>describit</span> <span class='ocrx_word' id='word_1_103' title='bbox 701 1976 820 2035; x_wconf 91' lang='lat' dir='ltr'>volnera</span> <span class='ocrx_word' id='word_1_104' title='bbox 843 1964 961 2035; x_wconf 85' lang='lat' dir='ltr'>Partbi&#39;</span> 
     </span>
     <span class='ocr_line' id='line_1_19' title="bbox 208 2057 1026 2140; baseline -0.005 -17"><span class='ocrx_word' id='word_1_105' title='bbox 208 2057 358 2123; x_wconf 75' lang='lat' dir='ltr'>‘Attamen</span> <span class='ocrx_word' id='word_1_106' title='bbox 383 2073 412 2122; x_wconf 90' lang='lat' dir='ltr'>et</span> <span class='ocrx_word' id='word_1_107' title='bbox 433 2062 543 2123; x_wconf 89' lang='lat' dir='ltr'>iustum</span> <span class='ocrx_word' id='word_1_108' title='bbox 566 2072 684 2140; x_wconf 90' lang='lat' dir='ltr'>poteras</span> <span class='ocrx_word' id='word_1_109' title='bbox 706 2069 735 2121; x_wconf 92' lang='lat' dir='ltr'>et</span> <span class='ocrx_word' id='word_1_110' title='bbox 757 2060 887 2121; x_wconf 90' lang='lat' dir='ltr'>scribere</span> <span class='ocrx_word' id='word_1_111' title='bbox 909 2063 1026 2132; x_wconf 84' lang='lat' dir='ltr'>sortem,</span> 
     </span>
     <span class='ocr_line' id='line_1_20' title="bbox 212 2138 1096 2227; baseline -0.006 -19"><span class='ocrx_word' id='word_1_112' title='bbox 212 2148 387 2227; x_wconf 85' lang='lat' dir='ltr'>Scipiadam,</span> <span class='ocrx_word' id='word_1_113' title='bbox 410 2158 443 2207; x_wconf 90' lang='lat' dir='ltr'>ut</span> <span class='ocrx_word' id='word_1_114' title='bbox 464 2148 583 2224; x_wconf 90' lang='lat' dir='ltr'>sapiens</span> <span class='ocrx_word' id='word_1_115' title='bbox 605 2138 754 2206; x_wconf 70' lang='lat' dir='ltr'>Lucilius.³</span> <span class='ocrx_word' id='word_1_116' title='bbox 797 2139 896 2205; x_wconf 88' lang='lat' dir='ltr'>‘Haud</span> <span class='ocrx_word' id='word_1_117' title='bbox 920 2145 991 2205; x_wconf 91' lang='lat' dir='ltr'>mibi</span> <span class='ocrx_word' id='word_1_118' title='bbox 1014 2146 1096 2220; x_wconf 85' lang='lat' dir='ltr'>dero,</span> 
     </span>
     <span class='ocr_line' id='line_1_21' title="bbox 213 2229 1036 2310; baseline -0.001 -18"><span class='ocrx_word' id='word_1_119' title='bbox 213 2233 285 2292; x_wconf 84' lang='lat' dir='ltr'>Cum</span> <span class='ocrx_word' id='word_1_120' title='bbox 308 2250 356 2292; x_wconf 91' lang='lat' dir='ltr'>res</span> <span class='ocrx_word' id='word_1_121' title='bbox 379 2232 440 2310; x_wconf 87' lang='lat' dir='ltr'>ipsa</span> <span class='ocrx_word' id='word_1_122' title='bbox 465 2231 554 2306; x_wconf 84' lang='lat' dir='ltr'>leret;</span> <span class='ocrx_word' id='word_1_123' title='bbox 578 2231 635 2292; x_wconf 89' lang='lat' dir='ltr'>nisi</span> <span class='ocrx_word' id='word_1_124' title='bbox 658 2231 759 2291; x_wconf 84' lang='lat' dir='ltr'>dextro</span> <span class='ocrx_word' id='word_1_125' title='bbox 782 2240 916 2309; x_wconf 89' lang='lat' dir='ltr'>tempore</span> <span class='ocrx_word' id='word_1_126' title='bbox 938 2229 1036 2291; x_wconf 84' lang='lat' dir='ltr'>Flacci</span> 
     </span>
     <span class='ocr_line' id='line_1_22' title="bbox 211 2314 1021 2395; baseline 0.001 -22"><span class='ocrx_word' id='word_1_127' title='bbox 211 2315 306 2376; x_wconf 90' lang='lat' dir='ltr'>Verba</span> <span class='ocrx_word' id='word_1_128' title='bbox 328 2335 380 2395; x_wconf 87' lang='lat' dir='ltr'>per</span> <span class='ocrx_word' id='word_1_129' title='bbox 402 2325 542 2375; x_wconf 88' lang='lat' dir='ltr'>attentam</span> <span class='ocrx_word' id='word_1_130' title='bbox 565 2336 626 2376; x_wconf 92' lang='lat' dir='ltr'>non</span> <span class='ocrx_word' id='word_1_131' title='bbox 649 2316 735 2376; x_wconf 87' lang='lat' dir='ltr'>ibunt</span> <span class='ocrx_word' id='word_1_132' title='bbox 758 2314 888 2376; x_wconf 86' lang='lat' dir='ltr'>Caesaris</span> <span class='ocrx_word' id='word_1_133' title='bbox 909 2333 1021 2386; x_wconf 91' lang='lat' dir='ltr'>aurem,</span> 
     </span>
     <span class='ocr_line' id='line_1_23' title="bbox 211 2390 1026 2479; baseline -0.001 -18"><span class='ocrx_word' id='word_1_134' title='bbox 211 2399 265 2461; x_wconf 85' lang='lat' dir='ltr'>Cui</span> <span class='ocrx_word' id='word_1_135' title='bbox 287 2401 405 2460; x_wconf 91' lang='lat' dir='ltr'>male</span> <span class='ocrx_word' id='word_1_136' title='bbox 383 2420 407 2460; x_wconf 77' lang='grc' dir='ltr'>ιι</span> <span class='ocrx_word' id='word_1_137' title='bbox 430 2401 560 2479; x_wconf 81' lang='lat' dir='ltr'>palpem,</span> <span class='ocrx_word' id='word_1_138' title='bbox 582 2402 750 2461; x_wconf 80' lang='lat' dir='ltr'>recalcitrat</span> <span class='ocrx_word' id='word_1_139' title='bbox 773 2400 905 2477; x_wconf 89' lang='lat' dir='ltr'>undique</span> <span class='ocrx_word' id='word_1_140' title='bbox 928 2390 1026 2460; x_wconf 70' lang='lat' dir='ltr'>tutus.³</span> 
     </span>
     <span class='ocr_line' id='line_1_24' title="bbox 209 2478 1008 2564; baseline -0.004 -18.943"><span class='ocrx_word' id='word_1_141' title='bbox 209 2478 342 2554; x_wconf 85' lang='lat' dir='ltr'>‘Quanto</span> <span class='ocrx_word' id='word_1_142' title='bbox 365 2487 475 2546; x_wconf 92' lang='lat' dir='ltr'>rectius</span> <span class='ocrx_word' id='word_1_143' title='bbox 497 2486 554 2545; x_wconf 92' lang='lat' dir='ltr'>hoc</span> <span class='ocrx_word' id='word_1_144' title='bbox 576 2505 664 2564; x_wconf 92' lang='lat' dir='ltr'>quam</span> <span class='ocrx_word' id='word_1_145' title='bbox 686 2486 762 2546; x_wconf 91' lang='lat' dir='ltr'>tristi</span> <span class='ocrx_word' id='word_1_146' title='bbox 784 2485 899 2545; x_wconf 91' lang='lat' dir='ltr'>laedere</span> <span class='ocrx_word' id='word_1_147' title='bbox 922 2502 1008 2545; x_wconf 90' lang='lat' dir='ltr'>versu</span> 
     </span>
     <span class='ocr_line' id='line_1_25' title="bbox 212 2569 1033 2649; baseline -0.001 -20"><span class='ocrx_word' id='word_1_148' title='bbox 212 2569 405 2629; x_wconf 84' lang='lat' dir='ltr'>Pantolabum</span> <span class='ocrx_word' id='word_1_149' title='bbox 428 2589 559 2631; x_wconf 87' lang='lat' dir='ltr'>scurram</span> <span class='ocrx_word' id='word_1_150' title='bbox 583 2573 861 2649; x_wconf 83' lang='lat' dir='ltr'>Nomentanumque</span> <span class='ocrx_word' id='word_1_151' title='bbox 884 2577 1033 2649; x_wconf 88' lang='lat' dir='ltr'>nepotem,</span> 
     </span>
     <span class='ocr_line' id='line_1_26' title="bbox 213 2642 1150 2735; baseline -0.004 -19"><span class='ocrx_word' id='word_1_152' title='bbox 213 2654 285 2716; x_wconf 82' lang='lat' dir='ltr'>Cum</span> <span class='ocrx_word' id='word_1_153' title='bbox 302 2654 356 2715; x_wconf 91' lang='lat' dir='ltr'>sibi</span> <span class='ocrx_word' id='word_1_154' title='bbox 374 2655 499 2733; x_wconf 89' lang='lat' dir='ltr'>quisque</span> <span class='ocrx_word' id='word_1_155' title='bbox 514 2657 606 2727; x_wconf 90' lang='lat' dir='ltr'>timet,</span> <span class='ocrx_word' id='word_1_156' title='bbox 623 2674 800 2735; x_wconf 86' lang='lat' dir='ltr'>quamquam</span> <span class='ocrx_word' id='word_1_157' title='bbox 817 2663 861 2717; x_wconf 91' lang='lat' dir='ltr'>est</span> <span class='ocrx_word' id='word_1_158' title='bbox 876 2655 1012 2726; x_wconf 90' lang='lat' dir='ltr'>intactus,</span> <span class='ocrx_word' id='word_1_159' title='bbox 1028 2662 1058 2713; x_wconf 89' lang='lat' dir='ltr'>et</span> <span class='ocrx_word' id='word_1_160' title='bbox 1074 2642 1150 2714; x_wconf 83' lang='lat' dir='ltr'>odit&#39;</span> 
     </span>
     <span class='ocr_line' id='line_1_27' title="bbox 209 2733 1001 2814; baseline -0.001 -13.981"><span class='ocrx_word' id='word_1_161' title='bbox 209 2733 336 2811; x_wconf 83' lang='lat' dir='ltr'>‘Quidl</span> <span class='ocrx_word' id='word_1_162' title='bbox 334 2738 450 2799; x_wconf 88' lang='lat' dir='ltr'>aciam‘l</span> <span class='ocrx_word' id='word_1_163' title='bbox 494 2741 586 2801; x_wconf 88' lang='lat' dir='ltr'>Saltat</span> <span class='ocrx_word' id='word_1_164' title='bbox 608 2742 754 2814; x_wconf 89' lang='lat' dir='ltr'>Milonius,</span> <span class='ocrx_word' id='word_1_165' title='bbox 776 2751 810 2801; x_wconf 91' lang='lat' dir='ltr'>ut</span> <span class='ocrx_word' id='word_1_166' title='bbox 831 2741 921 2802; x_wconf 87' lang='lat' dir='ltr'>semel</span> <span class='ocrx_word' id='word_1_167' title='bbox 943 2741 1001 2801; x_wconf 92' lang='lat' dir='ltr'>icto</span> 
     </span>
    </p>

    <p class='ocr_par' dir='ltr' id='par_1_5' title="bbox 128 2825 972 2904">
     <span class='ocr_line' id='line_1_28' title="bbox 128 2825 972 2904; baseline 0.001 -19"><span class='ocrx_word' id='word_1_168' title='bbox 128 2835 156 2885; x_wconf 71' lang='lat'>25</span> <span class='ocrx_word' id='word_1_169' title='bbox 214 2825 346 2886; x_wconf 79' lang='lat' dir='ltr'>Accessit</span> <span class='ocrx_word' id='word_1_170' title='bbox 368 2826 466 2885; x_wconf 82' lang='lat' dir='ltr'>fervor</span> <span class='ocrx_word' id='word_1_171' title='bbox 488 2826 576 2904; x_wconf 88' lang='lat' dir='ltr'>capiti</span> <span class='ocrx_word' id='word_1_172' title='bbox 600 2845 802 2904; x_wconf 89' lang='lat' dir='ltr'>numerusque</span> <span class='ocrx_word' id='word_1_173' title='bbox 824 2826 972 2898; x_wconf 81' lang='lat' dir='ltr'>lucernis3</span> 
     </span>
    </p>
   </div>
   <div class='ocr_carea' id='block_1_5' title="bbox 125 2978 327 2986">
    <p class='ocr_par' dir='ltr' id='par_1_6' title="bbox 125 2978 327 2986">
     <span class='ocr_line' id='line_1_29' title="bbox 125 2978 327 2986; baseline -0.005 0"><span class='ocrx_word' id='word_1_174' title='bbox 125 2978 242 2986; x_wconf 74' lang='lat'>——-.</span> <span class='ocrx_word' id='word_1_175' title='bbox 284 2980 327 2985; x_wconf 90' lang='lat'>—.</span> 
     </span>
    </p>
   </div>
   <div class='ocr_carea' id='block_1_6' title="bbox 128 3071 1195 3211">
    <p class='ocr_par' dir='ltr' id='par_1_7' title="bbox 128 3071 1195 3211">
     <span class='ocr_line' id='line_1_30' title="bbox 217 3071 1195 3143; baseline -0.002 -17"><span class='ocrx_word' id='word_1_176' title='bbox 217 3076 266 3128; x_wconf 89' lang='lat' dir='ltr'>lo.</span> <span class='ocrx_word' id='word_1_177' title='bbox 287 3080 298 3128; x_wconf 91' lang='lat'>1</span> <span class='ocrx_word' id='word_1_178' title='bbox 330 3075 418 3129; x_wconf 87' lang='lat' dir='ltr'>uideor</span> <span class='ocrx_word' id='word_1_179' title='bbox 439 3078 474 3140; x_wconf 89' lang='lat' dir='ltr'>(o)</span> <span class='ocrx_word' id='word_1_180' title='bbox 501 3076 506 3143; x_wconf 88' lang='grc'>1</span> <span class='ocrx_word' id='word_1_181' title='bbox 533 3077 549 3127; x_wconf 89' lang='grc'>9</span> <span class='ocrx_word' id='word_1_182' title='bbox 570 3076 725 3142; x_wconf 78' lang='lat' dir='ltr'>irrignnmve</span> <span class='ocrx_word' id='word_1_183' title='bbox 747 3075 906 3140; x_wconf 68' lang='lat' dir='ltr'>Rerigonios</span> <span class='ocrx_word' id='word_1_184' title='bbox 930 3074 993 3128; x_wconf 80' lang='lat' dir='ltr'>Van.</span> <span class='ocrx_word' id='word_1_185' title='bbox 1017 3077 1074 3127; x_wconf 77' lang='lat' dir='ltr'>lect.</span> <span class='ocrx_word' id='word_1_186' title='bbox 1099 3093 1120 3128; x_wconf 85' lang='lat' dir='ltr'>c.</span> <span class='ocrx_word' id='word_1_187' title='bbox 1142 3071 1195 3126; x_wconf 79' lang='lat' dir='ltr'>xxi</span> 
     </span>
     <span class='ocr_line' id='line_1_31' title="bbox 128 3143 978 3211; baseline -0.001 -15"><span class='ocrx_word' id='word_1_188' title='bbox 128 3160 154 3209; x_wconf 88' lang='lat' dir='ltr'>p.</span> <span class='ocrx_word' id='word_1_189' title='bbox 174 3145 242 3211; x_wconf 64' lang='lat'>3611</span> <span class='ocrx_word' id='word_1_190' title='bbox 260 3147 291 3196; x_wconf 79' lang='lat'>15</span> <span class='ocrx_word' id='word_1_191' title='bbox 309 3143 438 3197; x_wconf 83' lang='lat' dir='ltr'>describat</span> <span class='ocrx_word' id='word_1_192' title='bbox 455 3159 471 3193; x_wconf 87' lang='lat' dir='ltr'>o</span> <span class='ocrx_word' id='word_1_193' title='bbox 489 3144 617 3196; x_wconf 87' lang='lat' dir='ltr'>describet</span> <span class='ocrx_word' id='word_1_194' title='bbox 634 3146 670 3210; x_wconf 84' lang='lat' dir='ltr'>(v)</span> <span class='ocrx_word' id='word_1_195' title='bbox 685 3150 689 3210; x_wconf 87' lang='grc' dir='ltr'>Ι</span> <span class='ocrx_word' id='word_1_196' title='bbox 706 3146 738 3197; x_wconf 81' lang='grc'>20</span> <span class='ocrx_word' id='word_1_197' title='bbox 757 3144 978 3196; x_wconf 84' lang='lat' dir='ltr'>Nomentanumne</span> 
     </span>
    </p>
   </div>
   <div class='ocr_carea' id='block_1_7' title="bbox 0 0 1344 4372">
    <p class='ocr_par' dir='ltr' id='par_1_8' title="bbox 0 0 1344 4372">
     <span class='ocr_line' id='line_1_32' title="bbox 0 0 1344 4372; baseline 0 0"><span class='ocrx_word' id='word_1_198' title='bbox 0 0 1344 4372; x_wconf 95' lang='lat' dir='ltr'> </span> 
     </span>
    </p>
   </div>
  </div>
 </body>
</html>
