2640 4372
136 188 195 247 158

133 539 174 590 120

514 187 702 240 sumptuum
720 188 739 239 ll
758 190 781 240 2.
799 192 824 245 3.

221 363 262 420 Ac
285 360 355 420 mihi
379 380 430 421 seu
453 360 575 438 longum
597 369 665 438 post
686 369 802 438 tempus
825 370 946 421 venerat
968 361 1076 438 hospes

220 445 287 505 Sive
310 464 432 524 operum
456 463 547 505 vacuo
571 455 672 523 gratus
694 447 814 505 conviva
838 464 891 524 per
911 445 1037 505 ,imbrem

218 529 348 603 Vicinus,
372 531 447 590 bene
470 538 532 590 erat
555 549 615 590 non
639 530 769 609 piscibus
791 531 865 591 urbe
887 531 996 609 petitis,

219 615 274 675 Sed
298 616 379 694 pullo
402 623 490 694 atque
513 616 622 690 hacdo;
645 625 706 674 tum
730 616 851 694 pensilis
874 634 926 676 uva
950 616 1094 676 secundas

219 699 256 759 Et
279 719 339 761 nux
362 700 487 760 ornabat
509 719 626 761 mensas
649 718 716 760 cum
739 701 857 779 duplice
879 701 954 773 ficu;

218 784 288 846 Post
310 786 367 845 hoc
388 786 475 846 ludus
498 795 561 845 erat
583 786 669 864 culpa
692 796 795 864 potare
817 787 963 864 magistra,

218 872 259 930 ilc
282 881 419 930 venerata
442 870 538 943 Ceres,
561 871 600 930 ita
624 871 721 931 culmo
743 880 880 949 surgeret
901 870 969 941 alto,

217 953 366 1033 Explicuit
387 956 455 1015 vino
479 963 648 1016 contractae
670 956 745 1016 seria
768 956 883 1016 frontis.
908 989 947 999 -

218 1041 332 1101 Saeviet
353 1050 441 1119 atque
464 1059 556 1100 novos
578 1049 693 1100 moveat
715 1042 835 1100 fortuna
857 1040 1016 1100 tumultus:

217 1125 367 1194 Quantum
390 1125 460 1185 hinc
482 1123 650 1185 inminuet?
673 1135 784 1203 quanto
807 1135 856 1186 aut
878 1144 932 1204 ego
950 1124 1066 1203 parcius
1081 1133 1201 1196 autres,

217 1210 241 1271 0
264 1211 360 1289 pueri,
384 1210 520 1282 nituistis‚
544 1218 576 1270 ut
598 1211 657 1270 huc
680 1229 773 1271 novus
796 1211 893 1271 incola
916 1207 1016 1270 venit?

216 1295 288 1355 Nam
312 1296 449 1375 propriae
471 1295 585 1356 telluris
607 1314 689 1355 orum
713 1304 816 1356 natura
841 1314 896 1356 nec
919 1295 1000 1355 illum

216 1379 276 1441 Nec
300 1399 345 1440 me
369 1399 425 1440 nec
448 1398 625 1459 quemquam
648 1381 762 1440 statuit:
787 1400 841 1440 nos
864 1380 976 1459 expulit
998 1378 1055 1453 ille,

216 1464 301 1524 lllum
325 1473 375 1525 aut
397 1465 543 1542 nequities
566 1475 615 1526 aut
637 1466 709 1525 vafri
732 1466 846 1526 inscitia
870 1466 951 1537 iuris,

215 1549 400 1610 Postremum
424 1551 548 1628 expellet
571 1562 650 1611 certe
673 1551 799 1611 vivacior
822 1553 916 1612 heres.

216 1634 302 1696 Nunc
325 1654 394 1713 ager
415 1633 558 1696 Umbreni
582 1635 636 1696 sub
661 1636 792 1709 nomine,
817 1655 913 1714 nuper
936 1634 1022 1699 Ofelli

216 1719 327 1791 Dictus,
351 1721 407 1781 erit
430 1721 502 1780 nulli
526 1721 673 1799 proprius,
698 1720 749 1781 sed
772 1722 856 1781 cedet
879 1721 908 1780 in
934 1739 1018 1781 usum

215 1804 302 1865 Nunc
324 1806 405 1878 mihi,
429 1824 509 1865 nunc
532 1805 589 1864 alii.
635 1805 781 1875 Quocirca
802 1806 888 1866 vivite
911 1807 1001 1865 fortes

216 1889 375 1968 Fortiaque
397 1891 525 1951 adversis
547 1891 689 1968 opponite
712 1902 833 1969 pectora
857 1881 964 1951 rebus?

590 2055 744 2068 —

651 2177 691 2237 lll

209 2288 255 2355 ‘Si
279 2314 345 2356 raro
368 2295 490 2368 scribes,
513 2304 544 2356 ut
567 2304 629 2356 toto
654 2316 714 2356 non
738 2304 841 2375 quater
863 2315 942 2356 anno

105 2444 107 2449 ,
213 2381 413 2441 Membranam
438 2400 552 2459 poscas,
575 2382 754 2461 scriptorum
778 2399 910 2461 quaeque
933 2391 1080 2452 retexens,

155 2646 169 2695 5

141 3072 167 3122 11)

212 2466 306 2528 lratus
329 2467 391 2540 tihi,
416 2465 493 2544 quod
517 2466 577 2527 vini
600 2468 755 2546 somnique
780 2466 927 2544 benignus

212 2551 259 2612 Nil
281 2552 403 2631 dignum
427 2571 565 2613 sermone
588 2571 685 2626 canas,
709 2552 778 2631 quid
802 2550 876 2614 liet?
899 2562 927 2611 at
949 2551 1020 2630 ipsis

214 2637 418 2698 Saturnalibus
441 2638 498 2698 huc
522 2638 622 2716 fugisti
645 2638 770 2699 sobrius.
815 2636 894 2715 Ergo

213 2722 266 2783 Dic
288 2723 397 2800 aliquid
420 2723 542 2800 dignum
566 2724 728 2800 promissis.
773 2712 892 2801 incipe?
939 2720 987 2780 Nil
1009 2730 1064 2782 est.

210 2801 390 2886 ‘Culpantur
411 2809 519 2868 frustra
544 2798 654 2868 calami'
681 2807 896 2886 inmeritusque
919 2806 1032 2866 laborat

215 2893 297 2953 lratis
321 2904 407 2953 natus
429 2892 525 2972 paries
548 2893 592 2953 uis
615 2903 702 2970 atque
726 2891 829 2970 poetis.

212 2978 300 3055 Atqui
323 2978 418 3038 voltus
441 2985 504 3036 erat
525 2977 616 3037 multa
639 2987 668 3038 et
689 2976 840 3056 praeclara
862 2976 1011 3048 minantis,

211 3063 242 3122 Si
264 3080 388 3122 vacuum
411 3062 509 3140 tepido
533 3064 659 3141 cepisset
681 3062 777 3122 villula
801 3070 888 3123 tecto.

212 3146 362 3218 Quorsum
385 3147 528 3226 pertinuit
550 3148 657 3227 stipare
681 3147 801 3207 Platona
825 3146 998 3219 Menandro,

213 3400 233 3451 ll
253 3416 276 3451 υ,
297 3401 343 3452 121
364 3403 425 3450 tunc
440 3399 444 3461 l
462 3401 508 3451 123
529 3399 613 3464 culpa]
632 3396 667 3459 os.
686 3400 798 3464 Porplt;
815 3397 973 3462 liutgereias
991 3397 1056 3448 Van.
1070 3397 1128 3448 lect.
1141 3412 1196 3463 cap.

127 3467 192 3519 xxtt
203 3485 229 3535 p.
249 3470 297 3520 ato
316 3483 369 3532 sp:
389 3481 470 3533 cuppa
484 3467 629 3517 Lambinus
647 3481 711 3532 cupa
731 3467 1073 3531 ed.Vitomberg.a.1598;
1092 3465 1198 3529 Bouttl

127 3539 173 3589 127
199 3539 296 3603 quanto
322 3534 327 3603 Ι
356 3537 403 3586 129
428 3535 529 3601 proprie
547 3537 582 3598 (o)
610 3535 613 3601 l
642 3537 689 3588 134
708 3534 790 3586 dictus
809 3535 871 3598 erit,
890 3534 954 3585 nulli
972 3534 1007 3586 al.
1036 3536 1040 3601 Ι
1067 3537 1122 3585 erat
1139 3531 1196 3599 (υ)Ι

126 3608 173 3659 135
192 3604 249 3655 aliis
266 3606 302 3669 (υ)
318 3605 322 3670 Ι
338 3605 407 3667 [136]
425 3601 466 3654 Ma

209 3671 240 3723 lll
258 3689 281 3724 υ.
302 3676 315 3726 1
337 3672 374 3724 sic
389 3671 393 3738 Ι
409 3670 499 3723 scribis
514 3669 550 3737 14
569 3672 603 3732 at]
617 3693 649 3711 =
662 3670 711 3720 13⁰:
730 3670 762 3720 ab
778 3670 782 3734 Ι
798 3673 813 3723 5
832 3670 948 3724 ‚Sobrius
967 3685 1028 3735 ergo
1047 3670 1081 3721 al.
1098 3669 1103 3737 Ι
1118 3665 1197 3720 6‘Nit

124 3736 181 3793 est.'
203 3742 316 3792 Horatio
334 3742 418 3791 tribui
435 3754 495 3790 cam
522 3738 549 3789 0.
569 3738 678 3802 Ioegero
696 3737 826 3789 Naohloeo
849 3755 884 3790 zu
903 3739 1000 3790 Horaz.
1020 3738 1112 3791 Colore.
1134 3737 1195 3790 1881

122 3827 149 3875 p.
171 3813 215 3863 15:
241 3808 284 3860 Nil
307 3816 354 3861 est.
383 3808 417 3861 al.
448 3807 486 3857 ad
507 3807 700 3872 Damasippum
726 3805 870 3867 referentes
896 3810 939 3868 (=
957 3807 1007 3870 Me)
1032 3806 1074 3858 Nil
1095 3808 1152 3858 est?
1171 3801 1199 3856 Μ

124 3883 187 3929 anto
204 3875 245 3928 Mc
