2640 4372
463 242 693 296 EPISTULARUM
711 244 772 298 112.
1093 246 1154 306 225

167 416 297 477 Extremi
318 415 492 495 primorum,
516 416 655 477 extremis
678 435 772 495 usque
794 417 918 496 priores.

166 501 232 561 Non
256 520 288 563 es
310 518 428 561 avarus:
451 500 508 560 ubi.
553 500 653 572 Quid?
676 513 773 562 cetere
795 503 853 562 iam
874 503 962 566 simul
982 503 1039 565 isto
1103 514 1149 565 20⁵

166 585 240 647 Cum
263 586 331 646 vitio
355 583 479 663 fugere?
501 595 582 646 caret
603 586 657 646 tibi
681 596 784 665 pentus
806 587 888 648 inani

168 668 359 731 Ambitione?
383 679 462 730 caret
485 671 587 732 mortis
609 671 767 732 formidine
790 680 819 732 et
841 671 906 732 ira?

168 755 298 829 Somnia,
321 765 451 816 terrores
472 756 610 834 magicos
635 756 784 828 miracula,
807 775 900 836 sagas,

166 841 336 902 Nocturnus
358 841 485 901 lemures
508 849 704 920 portentaque
726 841 864 902 Thessala
887 840 987 904 rides?

166 926 275 986 Natalis
297 934 379 1005 grate
404 923 563 987 numeras?
586 926 715 1005 ignoscis
737 925 862 988 amicis?
1110 937 1152 989 210

168 1011 278 1071 Lenior
300 1019 329 1071 et
352 1009 455 1071 melior
477 1011 512 1071 fis
533 1012 692 1072 accedente
714 1009 854 1072 senecta?

169 1095 245 1166 Quid
268 1105 296 1156 te
319 1104 454 1174 exempta
476 1095 555 1155 iuvet
576 1096 669 1175 spinis
691 1096 727 1156 de
751 1096 885 1175 pluribus
907 1095 990 1158 una?

170 1180 271 1242 Vivere
293 1181 421 1242 sirecte
444 1181 550 1253 nescis,
573 1182 681 1242 decede
705 1181 815 1260 peritis.

167 1265 275 1328 Lusisti
297 1266 375 1339 satis,
399 1264 484 1326 edisti
506 1265 575 1327 satis
597 1275 684 1344 etque
708 1265 823 1342 bibisti;

167 1350 297 1430 Tempus
319 1351 401 1412 abire
425 1351 477 1411 tibi
500 1360 553 1423 est,
578 1360 740 1430 nepotum
764 1351 873 1430 largius
895 1369 990 1430 aequo
1112 1360 1157 1412 215

168 1434 271 1496 Rideat
292 1445 322 1496 et
343 1437 441 1515 puiset
462 1436 568 1497 lasciva
591 1437 743 1498 decentius
765 1447 854 1498 aetas.

85 1554 287 1566 ᾕ-

167 1618 187 1669 ΙΙ
205 1635 228 1673 υ.
247 1621 296 1672 205
315 1618 483 1700 nutrientem,
501 1618 537 1672 al.
574 1622 621 1672 tut
636 1619 772 1672 formidine
785 1619 873 1672 diruet
892 1619 921 1671 t.
934 1617 1051 1686 Spengel
1058 1619 1154 1684 philol.

85 1690 124 1750 18,
143 1687 193 1740 363
205 1704 244 1752 eq.
262 1686 416 1739 tormidine?
443 1686 523 1751 Diras,
572 1726 578 1739 .
599 1687 720 1739 Schmidt
736 1690 827 1743 horaz.
846 1689 951 1740 Blo'tter
967 1687 1025 1740 Jen.
1046 1689 1111 1740 1874
1126 1703 1153 1754 p.

81 1759 115 1810 66
121 1773 128 1816 ;
146 1757 170 1805 si
188 1757 343 1807 coniectura
362 1771 429 1822 opus
447 1758 513 1805 osset
521 1753 692 1821 praeferrem
710 1755 863 1809 tormidine?
881 1757 935 1809 dira
950 1754 956 1824 1
971 1756 1021 1808 208
1034 1759 1152 1817 terrores,

83 1824 196 1890 magicos
215 1826 249 1876 al.
265 1826 269 1891 Ι
285 1825 335 1876 tlt
353 1823 424 1876 leuat
441 1824 509 1874 Birt*
526 1825 562 1889 (o)
577 1827 582 1888 Ι
598 1826 647 1878 216
666 1823 786 1877 licentius
804 1823 839 1893 (u)
