2640 4372
522 201 696 254 CARMINUM
712 202 744 254 lll
762 204 803 254 tt.

251 375 309 436 Sed
332 373 421 446 rides
445 384 555 452 quanto
578 374 705 453 trepidet
727 373 855 434 tumultu

251 459 368 519 Pronus
391 457 509 518 Orion?
531 478 586 537 ego
610 460 680 537 quid
704 460 742 520 sit
763 468 826 519 ater

252 544 378 604 Hadriae
401 544 469 603 nori
490 544 574 604 sinus
597 553 626 604 et
649 544 719 621 quid
741 543 825 604 albus

331 629 436 688 Peooet
457 627 555 707 Iapyx.

252 746 389 807 Hostium
412 764 519 806 uxores
540 746 686 824 puerique
709 764 812 806 caecos

253 832 389 893 Sentiant
411 840 509 890 motus
531 830 656 890 orientis
677 832 776 891 Austri
800 839 829 890 et

252 916 397 995 Aequoris
420 916 497 992 nigri
519 916 668 975 fremitum
692 924 722 976 et
744 915 898 976 trementis

331 1001 462 1061 Verbere
485 1000 573 1078 ripas·
595 1033 637 1042 -

256 1120 304 1179 Sic
327 1130 357 1179 et
378 1120 499 1198 Europe
522 1119 639 1178 niveum
663 1118 765 1181 doloso

255 1203 384 1264 Credidit
406 1214 490 1263 tauro
513 1204 589 1262 latus
612 1211 641 1261 et
663 1211 823 1262 scatentem

254 1289 353 1348 Beluis
375 1299 501 1366 pontum
524 1286 692 1364 mediasque
713 1286 832 1347 fraudes

331 1372 438 1432 Palluit
460 1372 568 1450 audax3

255 1491 357 1570 Nuper
379 1491 410 1550 in
433 1490 524 1568 pratis
546 1488 677 1549 studiosa
699 1488 805 1547 florum
829 1497 857 1548 et

255 1574 377 1636 Debitae
399 1574 541 1654 Nymphis
564 1573 663 1652 opifex
686 1590 814 1633 coronae

256 1661 349 1721 Nocte
371 1660 511 1721 sublustri
536 1659 608 1718 nihil
631 1667 708 1719 astra
731 1667 848 1737 praeter

333 1745 587 1804 wmmmm.

258 1862 339 1933 Quae
361 1862 449 1923 simul
470 1872 591 1922 centum
614 1861 709 1940 tetigit
731 1869 883 1940 potentem

258 1947 381 2026 Oppidis
404 1946 522 2019 Creten,
541 1939 647 2024 ‘pateo
672 1965 688 2006 o
712 1946 847 2006 relietum

257 2032 347 2092 Filiae
372 2049 479 2091 nomen
504 2024 664 2109 pietasque'
690 2030 760 2091 dixit

331 2109 428 2176 ‘Victa
450 2115 566 2175 lurorel

260 2233 345 2295 Unde
367 2253 426 2311 quo
451 2231 538 2292 veni?
560 2233 630 2293 levis
653 2251 712 2292 una
735 2250 815 2293 mors
838 2242 883 2293 est

258 2319 413 2396 Virginem
437 2318 550 2397 culpae.
597 2317 765 2396 vigilansne
788 2317 872 2396 ploro

259 2403 359 2482 Turpe
382 2404 562 2463 conmissum
585 2421 621 2463 an
646 2402 721 2462 vitiis
744 2411 894 2462 carentem

337 2488 425 2547 Ludit
446 2489 542 2566 imago

259 2606 348 2680 Vana,
372 2624 458 2684 quam
480 2615 566 2686 porta
589 2605 706 2683 lugiens
730 2603 843 2664 eburna

259 2691 415 2751 Somnium
438 2689 540 2752 duoit‘l
563 2690 708 2750 meliusne
731 2690 839 2749 fluctus

260 2776 307 2836 lre
328 2795 383 2854 per
405 2777 511 2854 longos
534 2775 589 2834 luit
610 2793 647 2834 an
671 2775 800 2835 recentis

338 2861 465 2938 Carpere
488 2857 599 2919 lloresl

262 2977 360 3054 Siquis
383 2978 523 3036 infamem
544 2976 615 3034 mihi
639 2995 719 3055 nuno
741 2977 898 3036 iuvencum

261 3062 353 3121 Dedat
376 3061 475 3135 iratae,
499 3062 628 3120 lacerare
651 3062 729 3120 ferro
753 3069 783 3120 et

261 3145 410 3224 Frangere
433 3147 528 3206 enitar
552 3145 638 3205 modo
661 3146 786 3205 multum
809 3144 894 3204 amati

338 3228 455 3291 Cornua
475 3230 612 3290 monstri.

263 3346 423 3425 Impudens
446 3349 517 3426 liqui
541 3349 653 3427 patrios
675 3347 802 3420 Penatis,

189 3442 218 3490 ott
261 3431 422 3510 lmpudens
445 3434 555 3494 Orcum
578 3451 688 3493 moror.
733 3432 757 3492 Ο
780 3431 903 3491 deorum

264 3516 363 3594 Siquis
385 3518 456 3578 haee
479 3518 571 3590 audis,
595 3518 708 3577 utinam
731 3518 808 3576 inter
831 3533 927 3575 errem

338 3601 421 3662 Nuda
443 3603 559 3662 leonesl

136 3770 340 3779 ——-—

224 3868 312 3920 XXVI!
332 3885 355 3921 v.
375 3870 406 3921 38
426 3869 499 3936 eulpa
516 3871 520 3935 Ι
540 3871 570 3920 41
591 3872 677 3936 quam]
695 3869 838 3920 Sanadon:
857 3883 923 3935 quae
939 3868 943 3935 Ι
959 3871 991 3921 48
1009 3867 1074 3919 tauri
