2640 4372
385 873 940 973 CARMINUM

529 1075 623 1127 LlBER
642 1075 803 1136 QUARTUS.

659 1248 672 1308 Ι

258 1364 435 1438 Intermissa,
458 1365 566 1437 Venus,
590 1366 638 1427 diu

304 1451 417 1512 Rursus
439 1449 514 1511 bella
536 1449 657 1511 moves?
680 1470 777 1529 parce,
801 1470 917 1531 precor,
939 1471 1062 1532 precor:

255 1534 323 1596 Non
346 1553 410 1596 sum
435 1535 527 1614 qualis
550 1553 630 1595 eram
652 1535 748 1596 bonae

304 1620 366 1680 Sub
390 1638 482 1698 regno
506 1619 637 1680 Cinarae.
683 1622 799 1693 Desine,
822 1622 951 1683 dulcium

257 1704 349 1765 Mater
371 1724 453 1765 saeva
477 1705 664 1784 Cupidinum,

305 1789 387 1850 Circa
410 1789 501 1851 lustra
525 1791 626 1851 decem
650 1791 768 1852 lleclerc
790 1791 927 1853 mollibus

255 1870 318 1938 Iam
342 1875 448 1934 durum
471 1875 617 1956 imperiis;
640 1875 696 1950 abi,

304 1958 368 2029 Quo
392 1959 514 2020 blandae
539 1961 676 2021 iuvenum
701 1971 728 2021 le
751 1969 890 2021 revocant
912 1979 1032 2040 preces:

255 2043 471 2123 Tempcslirius
493 2046 522 2104 in
547 2046 665 2106 domum

305 2129 406 2202 Paulli,
429 2131 587 2209 purpureis
610 2132 669 2191 ales
692 2131 833 2203 oloribus,

257 2211 459 2275 comissabere
483 2216 607 2288 Maximi,

157 2297 159 2301 ’
306 2298 336 2358 Si
358 2307 472 2360 torrere
493 2300 575 2361 iecur
598 2300 715 2378 quaeris
738 2299 892 2375 idoneum;

260 2382 391 2461 Namque
414 2393 444 2444 el
466 2384 573 2445 nobilis
596 2393 624 2444 et
647 2385 755 2444 decens

303 2468 340 2528 El
362 2487 416 2548 pro
440 2469 571 2530 sollicilis
596 2488 654 2528 non
679 2468 784 2528 tacitus
807 2469 864 2530 reis

261 2551 297 2612 Et
320 2561 439 2614 centum
462 2572 537 2632 puer
559 2554 663 2613 artium

304 2637 375 2698 Late
397 2640 480 2717 signa
504 2640 578 2699 leret
599 2638 717 2699 miliciae
740 2647 807 2698 luae

259 2719 294 2782 Et
317 2725 495 2802 quandoque
517 2724 668 2803 polenlior

303 2806 390 2887 Largi
412 2809 586 2869 muneribus
610 2807 705 2869 riserit
727 2807 841 2879 aemuli,

256 2890 388 2953 Albanos
410 2912 504 2974 prope
527 2905 555 2954 te
578 2894 657 2954 lacus

305 2977 400 3038 Ponet
420 2997 617 3039 marmoream
640 2979 693 3040 sub
716 2978 799 3038 trabe
822 2977 922 3038 citrea.
1133 2991 1161 3040 20

258 3059 320 3122 lllic
344 3063 469 3140 plurima
493 3064 613 3124 naribus

303 3146 398 3209 Duces
421 3156 484 3209 tura
509 3150 629 3229 lyraque
652 3157 681 3209 et
703 3148 875 3227 Berecyntia

256 3228 448 3294 Delectabere
470 3233 539 3294 tibia

304 3315 400 3378 llixlis
422 3319 602 3380 carminibus
626 3337 687 3378 uon
710 3318 774 3378 sine
798 3317 902 3391 fistula,

256 3397 319 3461 lllic
341 3401 386 3463 bis
409 3405 493 3482 pueri
516 3405 562 3465 die
1131 3411 1159 3460 25

301 3484 416 3548 Numen
441 3507 507 3549 cum
530 3488 641 3550 teneris
664 3487 829 3566 virginibus
852 3497 933 3548 tuum

132 3600 332 3611 -·—-——.-.-

212 3668 222 3720 l
240 3687 264 3722 a.
283 3672 298 3723 9
316 3669 411 3736 domol
432 3673 459 3722 18
479 3671 555 3738 largis
572 3674 606 3735 (a)
622 3673 626 3735 Ι
643 3673 673 3723 20
693 3685 786 3738 cyprea
805 3671 1016 3739 (olatcyprialo)
1027 3667 1061 3729 of.
1075 3668 1092 3733 l,
1108 3671 1129 3733 1,
1145 3667 1196 3739 131

123 3736 513 3869 pgappppquppbpalebprecynlia]
534 3741 569 3789 13⁰
591 3742 638 3803 (o):
662 3739 784 3806 lyraeque
803 3744 827 3790 et
846 3740 1035 3806 berecyntiaeo
1062 3737 1066 3803 Ι
1091 3740 1123 3790 23
1138 3737 1201 3790 tibia

177 3898 291 3940 Horatius.
982 3892 997 3942 6
