2640 4372
605 218 777 270 GARllllNUlll
795 220 805 271 Ι
824 222 864 272 24.
878 222 919 272 25.

719 388 807 448 XXIV

356 508 429 579 Quis
444 507 590 568 desiderio
603 508 641 567 sit
655 508 752 586 pudor
767 517 817 567 aut
830 508 935 568 modus

355 593 427 652 Tam
444 593 503 652 cari
521 590 645 670 capitis?
660 593 799 671 praecipe
814 591 947 670 lugubris

356 676 475 749 Cantus,
491 676 685 755 Melpomene,
703 677 750 736 cni
766 676 905 754 liquidam
921 688 1005 756 paler

433 761 541 821 Vocem
556 779 624 821 curn
639 761 749 821 cithara
766 762 854 821 dedit.

298 891 313 938 5
356 878 434 955 Ergo
452 878 626 949 Quintilium
642 887 804 958 perpetuus
819 898 910 958 sopor

359 961 471 1040 Urget?
502 963 548 1023 eui
564 963 663 1023 Pudor
679 972 708 1023 et
723 964 854 1025 iustitiae
869 983 964 1037 soror,

360 1047 537 1127 incorrupta
553 1047 648 1119 Fides,
665 1049 803 1126 nudaque
820 1049 930 1109 Veritas

433 1133 559 1203 Quando
576 1133 669 1193 ullum
685 1132 815 1192 inveniet
829 1131 952 1212 parem?
1011 1208 1012 1211 Ἴ

359 1250 458 1312 Multis
473 1250 522 1310 ille
538 1249 626 1310 bonis
641 1248 746 1310 llebilis
764 1251 879 1320 occidit,

289 1344 318 1395 10
361 1334 439 1394 Nulli
454 1334 580 1395 flebilior
595 1353 683 1412 quam
699 1334 762 1407 tibi,
779 1335 902 1413 Vergili:

358 1419 404 1479 Tu
420 1420 529 1480 frustra
543 1421 619 1498 pius,
636 1420 704 1493 ben,
720 1438 781 1479 non
798 1421 837 1482 ita
853 1420 996 1480 creditum

435 1505 537 1566 Poscis
552 1504 730 1575 Quintilium
747 1505 828 1565 deos.

359 1624 437 1694 Quid
452 1623 477 1683 si
493 1623 629 1682 Threicio
645 1622 782 1683 blandius
798 1622 917 1701 Orpheo

358 1708 493 1768 Auditum
510 1708 663 1767 moderere
678 1706 833 1767 arboribus
848 1705 958 1766 fidem‘l

288 1804 316 1853 15
359 1794 434 1854 Num
451 1810 543 1851 vanae
558 1791 659 1851 redeat
674 1792 793 1869 sanguis
808 1791 937 1868 imagini,

437 1877 530 1947 Quam
546 1876 627 1952 virga
642 1876 733 1935 semel
750 1876 878 1946 horrida,

360 1995 426 2054 Nou
443 1994 518 2054 lenis
533 1992 672 2072 precibus
688 1993 746 2051 fala
762 1993 922 2064 recludere,

360 2079 451 2158 Nigro
468 2076 646 2156 compulerit
661 2077 823 2137 Mercurius
838 2075 942 2155 gregi?

360 2163 489 2225 Durum:
506 2163 557 2222 sed
573 2161 664 2221 levius
679 2162 712 2220 nt
728 2161 866 2238 patiencia

288 2259 317 2308 20
436 2246 585 2324 Quidquid
603 2245 753 2322 corrigere
769 2256 813 2306 est
829 2248 918 2307 nelas.

732 2531 807 2592 XXV

362 2652 483 2713 Parcius
498 2651 612 2711 iunctas
628 2652 765 2728 quatiunt
780 2651 925 2711 lenestras

362 2736 490 2797 lactibus
505 2735 617 2796 crebris
631 2735 753 2795 iuvenes
769 2735 899 2813 protervi

342 2832 343 2835 ’
362 2823 423 2882 Nec
439 2820 490 2880 tibi
508 2838 629 2880 somnos
643 2820 779 2879 adimunt
794 2829 929 2897 amatque

439 2906 529 2964 lanua
545 2905 646 2974 limen,

306 3038 321 3085 a
366 3024 449 3095 Quae
465 3022 547 3101 prius
562 3020 688 3080 multum
705 3020 796 3080 lacilis
810 3020 945 3079 movebat

364 3107 518 3180 Cardines3
535 3105 617 3166 audis
632 3107 731 3165 minus
746 3115 775 3164 et
790 3105 888 3164 minus
904 3105 960 3164 iam

361 3187 422 3254 ‘Me
438 3203 489 3251 luo
505 3191 607 3269 longas
623 3200 768 3269 pereunte
785 3191 888 3264 noctis,

442 3275 541 3355 Lydia,
557 3265 705 3336 dormis‘l’

365 3395 496 3456 invicem
510 3394 650 3454 moechos
665 3412 740 3453 anus
755 3392 921 3471 arrogantis

297 3493 325 3542 10
368 3479 466 3540 Flebis
482 3480 512 3540 in
529 3479 592 3540 solo
607 3479 678 3539 levis
693 3477 862 3557 angiportu,

366 3564 492 3625 Thracio
508 3564 670 3624 bacchante
685 3563 778 3642 magis
793 3561 848 3623 sub
865 3562 956 3621 inter-

443 3648 524 3709 lunia
539 3658 637 3722 vento,

241 3769 442 3780 ...—-———

325 3831 405 3885 XXlV
422 3849 446 3884 o.
468 3835 498 3884 13
517 3831 608 3899 quodsi
626 3833 660 3896 (o)
680 3832 683 3897 Ι
708 3835 737 3884 15
756 3847 807 3882 non
825 3833 860 3894 (v)

252 3959 255 3962 ⁴
325 3901 394 3953 XXV
413 3917 438 3951 υ.
457 3903 472 3952 2
490 3900 610 3962 lactibus]
629 3922 662 3942 =
682 3901 705 3948 H
717 3915 805 3965 opusc.
823 3898 853 3949 lll
871 3901 933 3950 455:
952 3895 1100 3982 ictibuslol
