2640 4372
521 215 695 268 CARMINUM
711 217 742 270 lll
760 221 783 271 2.
802 222 825 271 3.

265 383 416 464 Suspiret:
429 377 528 459 ‘eheu
544 405 582 445 ne
599 387 680 448 rudis
695 389 844 466 agminum

265 469 401 549 Sponsus
416 470 539 531 lacessat
553 473 652 549 regius
667 490 804 551 asperum

310 553 403 615 Tactu
418 555 544 629 leonem,
560 574 648 633 quem
665 567 787 617 cruenta

361 639 417 699 Per
431 640 540 700 medias
556 641 632 719 rapit
647 641 689 701 ira
705 634 824 702 caedes'
842 677 883 687 -

264 756 355 817 Dulce
371 767 401 817 et
416 758 555 818 decorum
571 769 617 819 est
631 777 686 837 pro
703 760 796 838 patria
812 762 898 821 mori.

263 841 343 903 Mors
359 851 388 901 et
402 843 535 919 fugacem
551 844 742 921 persequitur
757 845 850 905 virum

309 927 370 986 Nec
385 928 481 1004 parcit
495 927 613 989 inbellis
629 928 763 989 iuventae

360 1012 524 1090 Poplitibus
538 1012 677 1072 timidove
693 1022 786 1092 tergo.

263 1129 371 1202 Virtus,
387 1130 521 1209 repulsae
537 1131 635 1191 nescia
651 1131 793 1203 sordidae,

263 1214 446 1276 lntaminatis
461 1215 554 1294 fulget
568 1215 732 1276 honoribus

307 1299 368 1359 Nec
384 1301 474 1360 sumit
487 1308 537 1359 aut
552 1301 636 1378 ponit
652 1300 763 1361 securis

358 1383 487 1444 Arbitrio
503 1384 656 1463 popularis
672 1403 769 1445 aurae.

263 1500 369 1573 Virtus,
386 1501 542 1561 recludens
557 1502 702 1562 inmeritis
716 1503 792 1562 mori

262 1585 393 1654 Caelum,
410 1594 514 1663 negata
530 1594 654 1664 temptat
668 1586 725 1646 iter
739 1586 782 1646 via

308 1669 475 1748 Coetusque
490 1670 615 1747 volgaris
631 1679 660 1730 et
674 1671 760 1729 udam

360 1755 481 1832 Spernit
495 1755 617 1814 humum
633 1755 765 1833 fugiente
780 1755 882 1834 pinna.

260 1870 315 1931 Est
329 1880 359 1931 et
373 1871 451 1931 fideli
466 1881 527 1933 tuta
543 1872 660 1933 silentio

260 1955 388 2017 Merces:
403 1956 517 2029 vetabo,
535 1957 585 2034 qui
601 1956 716 2018 Cereris
731 1975 846 2017 sacrum

307 2041 437 2119 Volgarit
451 2060 584 2112 arcanae,
600 2042 654 2102 sub
671 2042 763 2102 isdem

357 2126 401 2186 Sit
415 2126 548 2186 trabibus
564 2127 731 2204 lragilemve
746 2144 862 2186 mecum

260 2243 359 2302 Solvat
373 2243 530 2322 phaselon:
547 2262 635 2323 saepe
653 2245 796 2322 Diespiter

258 2327 416 2406 Negleotus
432 2329 545 2389 incesto
561 2329 671 2388 addidit
685 2329 844 2406 integrum,

306 2412 384 2473 Raro
401 2415 623 2474 antecedentem
640 2413 796 2473 scelestum

357 2496 493 2557 Deseruit
506 2497 582 2576 pede
599 2497 698 2555 Poena
713 2496 826 2555 claudo.

653 2747 693 2806 lll

258 2865 369 2926 lustum
387 2875 416 2926 et
431 2875 565 2925 tenacem
582 2864 727 2944 propositi
741 2864 836 2925 virum

257 2951 323 3010 Non
341 2951 446 3012 civium
461 2952 549 3011 ardor
565 2968 652 3028 prava
669 2950 845 3021 iubentium,

305 3035 370 3096 Non
387 3036 483 3096 voltus
497 3035 634 3096 instantis
646 3035 764 3114 tyranni

353 3122 452 3181 Mente
468 3121 561 3198 quatit
575 3120 667 3181 solida
686 3137 782 3196 neque
797 3122 914 3192 Auster,

256 3238 321 3299 Dux
336 3239 461 3317 inquieti
476 3238 612 3298 turbidus
626 3238 761 3308 Hadriae,

256 3322 317 3383 Nec
333 3323 517 3383 fulminantis
532 3341 637 3400 magna
656 3340 762 3381 manus
777 3320 869 3381 lovis:

303 3407 333 3468 Si
350 3409 460 3467 fractus
475 3406 622 3467 inlabatur
637 3406 727 3474 orbis,

354 3492 533 3570 lmpavidurn
551 3491 657 3551 ferient
674 3492 786 3572 ruinae.

125 3628 329 3636 ..-—

183 3813 188 3824 ι
210 3745 230 3796 ll
254 3761 277 3795 v.
308 3746 339 3796 16
364 3743 504 3810 timidoque
533 3751 537 3808 Ι
564 3745 595 3794 27
621 3741 813 3807 uolsuullgauit
839 3741 844 3808 Ι
871 3736 1200 3805 astragilemve1nentl.:

124 3813 322 3935 fragilelppqpnel}
340 3880 451 3932 solidum
469 3895 517 3930 nec
534 3879 603 3929 Mar.
623 3877 692 3929 Vici.
708 3893 737 3943 p.
756 3879 813 3939 180,
833 3878 864 3928 29
883 3875 912 3925 Il.

913 3959 945 4010 4*
