2640 4372
483 211 656 265 CARMINUM
674 213 703 265 III
723 217 762 268 18.
784 218 822 268 19.

244 381 276 442 Si
298 393 384 443 tener
408 384 497 461 pIeno
520 385 597 444 cadit
618 384 729 445 haedus
751 403 829 444 anno

243 466 337 547 Larga
360 486 417 527 nec
440 467 547 528 desunt
569 468 692 529 Veneris
714 469 805 529 sodali

245 551 317 612 Vina
341 560 499 626 creterrae,
523 562 605 614 vetus
627 572 676 613 ara
699 554 791 614 multo

321 636 426 697 Fumat
450 638 549 697 odore.

245 753 333 813 Ludit
354 755 482 815 herboso
505 774 596 834 pecus
620 773 708 814 omne
731 773 844 834 campo,

246 838 318 899 Cum
339 838 391 899 tibi
414 840 515 899 Nonae
538 839 664 899 redeunt
687 840 874 915 Decembres,

245 923 349 984 Festus
372 924 401 983 in
426 925 517 1002 pratis
540 934 621 984 vacat
642 925 736 986 otioso

321 1008 395 1069 Cum
416 1009 490 1069 bove
514 1028 615 1088 pagus,

244 1124 326 1185 Inter
348 1126 464 1187 audacis
486 1127 574 1206 lupus
597 1137 675 1186 errat
697 1145 798 1204 agnos,

245 1208 362 1288 Spargit
384 1212 506 1290 agrestis
529 1211 580 1272 tibi
604 1212 673 1273 silva
699 1210 824 1283 troadis,

246 1294 358 1355 Gaudet
379 1297 501 1357 invisam
524 1298 671 1376 pepulisse
697 1298 793 1357 iossor

321 1380 380 1439 Ter
403 1382 476 1460 pede
500 1389 617 1441 terram.

624 1631 691 1691 XIX

248 1747 398 1818 Quantum
422 1748 510 1808 distet
532 1749 568 1808 ab
592 1749 700 1810 Inacho

294 1831 406 1892 Codrus
428 1851 483 1910 pro
507 1834 600 1911 patria
623 1853 684 1894 non
709 1835 827 1897 umidus
849 1839 924 1898 mori

247 1917 354 1977 Narras
377 1927 406 1977 et
428 1936 523 1996 genus
545 1919 632 1978 Aeaci

293 2001 330 2062 Et
352 2010 480 2080 pugnata
504 2022 588 2063 sacro
612 2002 686 2064 bella
711 2005 765 2064 sub
789 2005 856 2065 Ilio:

246 2085 312 2156 Quo
336 2086 440 2148 Chium
463 2089 557 2167 pretio
581 2090 685 2148 cadum

291 2173 470 2245 Meroemur,
493 2174 559 2251 quis
581 2192 686 2252 aquam
710 2184 855 2253 temperet
877 2173 1004 2254 ignibus,

248 2257 313 2327 Quo
336 2258 498 2336 praebente
522 2257 641 2319 domum
665 2268 694 2320 et
716 2272 806 2338 quota

295 2342 441 2420 Paelignis
464 2361 577 2403 caream
600 2343 769 2422 frigoribus,
790 2354 879 2406 taces.
903 2381 942 2391 -

248 2424 289 2485 Da
312 2425 400 2487 Iunae
423 2445 551 2505 propere
574 2446 676 2499 novae,

296 2510 336 2569 [Ia
360 2511 456 2569 noctis
478 2510 600 2582 mediae,
624 2512 669 2583 da,
693 2530 777 2589 puer,
801 2515 920 2591 auguris

250 2592 406 2653 Murenaei
430 2593 524 2653 tribus
547 2604 597 2654 aut
619 2613 723 2653 novem

296 2678 458 2737 Miscentur
480 2678 591 2756 cyathis
612 2680 718 2756 pocula
742 2682 914 2742 commodis,

250 2760 306 2830 Qui
329 2762 425 2823 Musas
447 2771 524 2822 amat
545 2763 675 2842 imparis,

296 2847 411 2908 Ternos
434 2857 478 2907 ter
501 2848 621 2927 cyathos
644 2850 786 2910 attonitus
808 2860 889 2930 petet

249 2930 334 2992 Vates
342 2950 350 3005 ;
374 2932 426 2992 tris
448 2933 587 3011 prohibet
608 2952 699 3012 supra

297 3017 436 3077 Rixarum
459 3027 595 3078 metuens
617 3026 739 3098 tangere
762 3019 859 3080 Gratia

250 3100 341 3161 Nudis
364 3103 465 3162 iuncta
487 3103 648 3164 sororibus.

296 3186 430 3247 Insanire
453 3188 544 3248 iurati
570 3206 623 3248 cur
646 3188 837 3266 Berecyntiae

251 3268 372 3331 Cessant
394 3272 512 3331 flamina
535 3271 643 3332 tibiae?

297 3355 356 3415 Cur
378 3357 489 3434 pendet
510 3357 596 3417 tacita
619 3358 716 3418 fistula
739 3376 806 3417 cum
829 3355 909 3437 lyra?

251 3437 401 3500 Parcentis
424 3458 478 3518 ego
502 3441 634 3502 dexteras

298 3522 367 3583 OdI:
392 3543 497 3602 spargo
520 3526 616 3586 rosasi
639 3527 737 3586 audiat
758 3527 874 3587 invidus

209 3672 285 3723 XVIII
303 3689 326 3723 v.
347 3677 360 3724 1
380 3674 511 3737 craterae}
531 3677 560 3725 12
577 3674 671 3739 pardus
690 3679 725 3739 (a)
744 3674 778 3737 ef.
797 3676 912 3725 Bentleii
930 3676 991 3725 odra.
1035 3644 1037 3647 Ι

209 3740 264 3790 XIX
283 3757 306 3792 v.
329 3745 338 3792 l
360 3740 438 3792 distat
457 3741 462 3807 Ι
482 3744 497 3792 2
516 3757 567 3792 uon
587 3742 690 3794 timidus
710 3758 755 3810 pro
775 3745 854 3809 patna
875 3744 937 3793 mori
956 3744 990 3805 (o)
1010 3741 1014 3808 Ι
1035 3745 1051 3792 4
1071 3757 1142 3793 sacra
1159 3742 1196 3807 (o)

123 3807 311 3860 Lachmanuus
329 3811 345 3859 I.
364 3825 385 3859 c.
405 3809 413 3859 I
435 3813 475 3873 10,
495 3811 562 3861 141.
590 3810 594 3876 1
623 3813 654 3863 12
680 3813 818 3863 miScentor
835 3811 991 3874 Iirrtgersiua
1011 3810 1068 3859 lect.
1090 3812 1152 3861 Hor.
1173 3822 1195 3860 c.

124 3875 166 3927 vu
180 3892 208 3942 p.
228 3879 289 3937 2675
308 3876 342 3929 N.
361 3878 486 3928 Heinsius
