2640 4372
536 180 666 235 EPODON
686 187 708 235 ἵ.
728 186 750 236 8.

621 355 672 414 Vll

241 473 316 546 Ouo,
339 492 399 552 quo
421 473 537 534 scelesti
559 474 644 534 ruitis
666 482 717 534 aut
739 491 792 534 our
815 473 941 535 dexteris

286 561 434 638 Aptantur
456 576 542 619 enses
564 555 699 620 conditi?

242 643 389 704 Parumne
411 643 523 722 eampis
545 651 632 721 atque
655 643 794 722 Neptuno
816 662 906 722 super

287 728 399 790 Fusum
421 736 465 789 est
486 727 582 788 Latini
604 728 766 806 sanguinis,

239 813 306 875 Non
329 820 363 873 ut
383 812 526 893 superbas
547 813 661 873 invidae
684 811 869 891 Carthaginis

288 899 440 959 Romanus
461 898 536 959 areis
557 908 657 958 ureret

243 983 373 1055 intactus
395 992 446 1043 ant
468 983 628 1043 Britannus
650 989 684 1043 ut
705 981 898 1043 descenderet

289 1067 378 1129 Sacra
401 1076 552 1127 catenatus
574 1067 628 1140 via,

244 1152 302 1213 Sed
323 1162 357 1213 ut
379 1151 541 1213 secundnm
564 1161 630 1210 vota
652 1150 827 1211 Parthorum
850 1169 903 1212 sua

290 1236 367 1299 Urbs
389 1238 461 1298 haec
484 1236 596 1316 periret
618 1233 758 1296 dextera?

243 1322 345 1401 Neque
366 1322 416 1382 hio
437 1321 515 1400 lupis
537 1340 601 1382 mos
625 1339 681 1381 nee
703 1321 758 1380 suit
780 1320 925 1393 leonibus,

289 1407 457 1485 Numquam
480 1406 536 1467 nisi
559 1406 589 1466 in
612 1405 712 1483 dispar
733 1405 811 1466 feris.

244 1491 379 1553 Furorne
401 1510 507 1553 caecus
528 1510 566 1551 an
590 1491 666 1569 rapit
686 1490 729 1551 vis
751 1490 848 1550 aerior

290 1577 336 1636 An
358 1574 467 1656 eulpa?
489 1593 666 1655 responsum
688 1576 769 1635 datel

245 1660 356 1722 Tacent
378 1671 407 1722 et
429 1661 513 1722 albus
536 1679 586 1721 ora
609 1660 704 1739 pallor
725 1660 820 1720 inficit

290 1746 463 1825 Montesque
485 1746 638 1825 perculsae
661 1753 791 1823 stupent.

247 1831 296 1892 sto
318 1839 376 1892 est:
400 1832 504 1892 aoerba
527 1832 585 1890 tata
608 1830 758 1890 Romanos
780 1836 873 1907 agunt

292 1916 453 1995 Scelusque
476 1918 623 1977 fraternae
646 1916 736 1988 necis,

246 2000 284 2062 Ut
304 2000 478 2062 inmerentis
501 2001 585 2062 fluxit
606 2001 637 2061 in
660 2010 768 2061 terram
791 1999 875 2060 Remi

295 2086 384 2147 Sacer
407 2087 564 2165 nepotibus
586 2104 684 2146 cruor.

625 2388 689 2448 Vlll

247 2508 363 2587 Rogare
385 2509 474 2585 longo
497 2508 627 2587 putidam
650 2515 679 2566 te
701 2506 829 2578 saeculo,

294 2593 376 2654 Vires
398 2593 469 2671 quid
491 2601 612 2653 enervet
632 2609 721 2665 meas,

248 2676 321 2740 Cum
344 2678 383 2739 sit
404 2678 456 2738 tibi
479 2677 552 2738 dens
575 2687 638 2737 ater
660 2685 689 2735 et
711 2675 791 2754 rugis
815 2683 896 2734 retus

170 2754 177 2767 ’
296 2762 436 2823 Frontem
456 2772 595 2824 senectus
617 2768 716 2821 exaret

249 2846 376 2926 Hietque
398 2848 494 2926 turpis
516 2848 594 2908 inter
616 2845 710 2906 aridas
733 2844 807 2905 natis

295 2932 395 2993 Podex
417 2933 496 2993 velut
517 2932 626 2992 orudae
648 2927 752 2991 bovis?

249 3016 307 3079 Sed
328 3018 432 3078 inoitat
453 3036 500 3078 me
522 3026 626 3096 peetus
648 3026 677 3075 et
698 3031 840 3075 mammae
862 3021 974 3093 putres,

296 3102 411 3181 Equina
434 3103 535 3182 quales
556 3101 657 3173 ubera,

249 3186 418 3266 Venterque
441 3187 537 3248 mollis
559 3195 589 3247 et
611 3187 705 3246 femur
726 3184 910 3244 tumentibus

297 3272 380 3332 Exite
402 3274 479 3334 suris
500 3271 641 3333 additum.

251 3356 323 3419 Esto
346 3357 439 3431 beata,
463 3360 553 3419 funus
575 3366 662 3435 atque
684 3353 825 3432 imagines

297 3441 413 3504 Ducant
435 3441 626 3521 triumphales
648 3449 742 3511 tuum,

250 3526 311 3588 Neo
334 3528 371 3589 sit
392 3529 503 3602 marita,
527 3546 601 3606 quae
624 3524 848 3585 rotundioribus

299 3611 413 3675 Onusta
435 3615 516 3675 baois
537 3611 676 3674 ambulet.

123 3730 327 3740 ——.

211 3793 253 3846 vtt
273 3812 295 3846 o.
316 3799 346 3848 12
365 3810 492 3862 nunquam
511 3797 550 3846 ed.
569 3795 634 3846 Van.
652 3811 677 3845 α.
700 3795 763 3847 1490
782 3795 873 3857 (atquo
890 3792 953 3841 indo
970 3789 1077 3853 benoth
1096 3789 1193 3853 Porpb.

123 3878 320 3930 og.:umqua1n
345 3866 387 3927 (=
405 3865 501 3928 Por-ph.
520 3863 601 3926 Mon.)
620 3863 624 3928 Ι
646 3863 675 3914 13
696 3876 786 3913 caecos
805 3856 864 3927 (υ)Ι
886 3861 916 3911 15
935 3874 977 3910 ora
996 3856 1078 3925 pallor
1096 3856 1169 3907 albus
