2640 4372
500 186 730 240 EPISTULARUM
748 187 809 242 112.

204 357 347 437 Eripuere
371 361 461 434 iocos,
484 362 639 432 Venerem,
663 361 804 427 convivia,
828 360 939 433 ludum,

205 443 345 506 Tendunt
368 456 544 526 extorquere
566 455 716 526 poemata3
740 444 810 524 quid
832 446 935 507 laciam
958 444 1023 508 vis?

205 528 339 607 Denique
363 551 423 591 non
447 551 551 594 omnes
573 532 673 592 eadem
696 531 842 591 mirantur
864 541 1037 609 amantque:

205 612 341 676 Carmine
363 624 395 676 tu
417 618 537 694 gaudes,
560 616 608 677 hic
630 616 791 677 delectatur
813 615 925 689 iambis,

204 698 255 758 llle
278 699 398 762 Bioneis
421 700 609 762 sermonibus
633 710 662 761 et
683 701 744 762 sale
767 702 862 781 nigro.
1163 713 1193 763 6⁰

205 783 278 844 Tres
299 787 371 846 mihi
394 787 533 848 convivae
555 804 649 866 prope
672 787 829 847 dissentire
850 786 997 859 videntur,

205 867 366 933 Poscentes
388 873 467 932 vario
491 873 616 932 multum
639 871 751 932 diversa
774 873 883 950 palato;

206 951 282 1024 Quid
306 954 395 1016 deml
419 957 489 1035 quid
513 976 573 1018 non
598 954 688 1018 dem?
712 957 813 1018 renuis
835 957 915 1036 quod
938 966 986 1030 tu,
1013 957 1095 1018 iubet
1118 957 1194 1019 alter

206 1036 292 1107 Quod
314 1042 399 1119 petis,
422 1043 450 1102 id
474 1061 544 1103 sane
568 1051 613 1104 est
634 1042 760 1103 invisum
784 1042 958 1121 acidumque
982 1042 1107 1103 duobus.
1129 1076 1171 1087 -

204 1122 327 1185 Praeter
348 1135 445 1187 cetera
468 1146 514 1189 me
538 1127 687 1188 Romaene
710 1137 845 1208 poemata
867 1146 973 1189 censes
1164 1138 1193 1187 65

207 1208 344 1271 Scribere
366 1230 453 1291 posse
475 1213 554 1273 inter
576 1221 620 1273 tot
642 1230 728 1274 curas
750 1221 852 1291 totque
875 1211 1012 1273 labores?

206 1292 261 1353 Hic
283 1315 425 1374 sponsum
449 1307 542 1369 vocat,
566 1298 614 1358 hic
636 1298 767 1358 auditum
791 1299 901 1377 scripta
924 1298 1035 1358 relictis

207 1377 353 1442 Omnibus
375 1383 494 1456 officiis;
518 1382 606 1444 cubat
627 1383 674 1443 hic
697 1384 726 1443 in
752 1383 825 1444 colle
849 1383 977 1457 Quirini,

206 1463 261 1524 llic
284 1475 415 1528 extremo
439 1467 469 1527 in
490 1467 646 1540 Aventino,
671 1468 808 1529 visendus
831 1478 966 1546 uterque,

206 1547 360 1611 lntervalla
382 1553 462 1613 vides
484 1553 613 1613 humane
636 1554 800 1613 commoda.
838 1546 960 1613 ‘Verum
1165 1561 1194 1611 το

207 1633 303 1696 Purae
325 1646 396 1698 sunt
417 1637 539 1716 plateae,
563 1638 636 1698 nihil
652 1641 693 1698 'ut
714 1637 925 1699 meditantibus
947 1630 1063 1698 obstet?

207 1717 340 1781 Festinat
361 1723 472 1784 calidus
492 1723 581 1784 mulis
603 1724 772 1801 gerulisque
795 1723 974 1802 redemptor,

208 1803 342 1883 Torquet
363 1826 445 1868 nunc
468 1808 614 1887 lapidem,
627 1828 708 1868 nunc
731 1809 838 1887 ingens
859 1806 995 1868 machina
1017 1804 1144 1885 tignum,

209 1889 314 1951 Tristia
337 1892 467 1954 robustis
489 1893 640 1954 luctantur
662 1896 766 1954 lunera
790 1893 937 1972 plaustris,

208 1974 269 2035 Hac
291 1976 406 2038 rabiosa
429 1978 505 2057 fugit
527 1979 618 2049 canis,
642 1979 696 2039 hac
718 1978 862 2039 lutulenta
886 1978 946 2038 ruit
967 1996 1033 2039 sus:
1167 1984 1195 2034 lb

208 2059 220 2119 l
244 2079 325 2122 nunc
348 2073 377 2123 et
398 2081 501 2124 versus
522 2073 621 2125 tecum
644 2064 787 2125 meditare
810 2082 947 2125 canoros.

208 2145 393 2225 Scriptorum
417 2150 527 2210 chorus
549 2150 646 2211 omnis
668 2161 745 2210 amat
768 2168 873 2210 nemus
896 2159 926 2210 et
947 2148 1024 2228 sugit
1046 2147 1144 2219 urbes,

208 2231 275 2291 llite
298 2233 390 2294 cliens
412 2235 519 2295 Bacchi
541 2253 648 2296 somno
671 2236 826 2314 gaudentis
848 2244 878 2295 et
899 2234 1019 2308 umbra3

209 2317 254 2377 Tu
276 2336 323 2376 me
345 2318 423 2379 inter
444 2320 587 2398 strepitus
610 2331 775 2381 nocturnos
796 2329 884 2398 atque
907 2320 1031 2380 diurnos

208 2401 258 2462 Vis
280 2419 387 2463 canere
410 2412 440 2462 et
462 2413 612 2464 contracta
636 2405 718 2483 sequi
741 2404 860 2480 vestigia
884 2401 1003 2463 vatum?
1167 2410 1195 2461 80

208 2486 375 2566 lngenium,
399 2486 454 2547 sibi
478 2489 556 2565 quod
579 2506 685 2547 vacuas
707 2488 870 2565 desumpsit
892 2487 1021 2547 Athenas

209 2570 247 2631 Et
268 2570 371 2632 studiis
394 2590 490 2632 annos
512 2582 624 2650 septem
647 2573 728 2632 dedit
749 2572 940 2649 insenuitque

209 2656 307 2717 Libris
329 2665 359 2717 et
380 2657 469 2731 curis,
493 2664 585 2717 statua
607 2656 785 2717 taciturnius
807 2657 867 2717 exit

209 2742 387 2820 Plerumque
410 2751 439 2802 et
460 2741 520 2802 risu
544 2741 688 2822 populum
711 2743 819 2821 quatit;
840 2741 889 2802 hic
911 2759 966 2820 ego
990 2757 1089 2800 rerum

209 2825 362 2888 Fluctibus
385 2827 414 2887 in
438 2827 542 2888 mediis
565 2835 594 2887 et
615 2828 839 2905 tempestatibus
860 2825 943 2887 urbis
1166 2833 1195 2883 85

210 2911 304 2971 Verba
328 2912 407 2992 lyrae
429 2923 546 2973 motura
568 2931 675 2974 sonum
699 2922 855 2973 conectere
878 2907 1005 2991 digner?

208 2996 312 3057 Frater
333 3007 397 3058 erat
418 2998 528 3059 Romae
550 2999 678 3060 consulti
702 2999 813 3069 rhetor,
835 3007 869 3058 ut
889 2997 963 3058 alter

208 3081 336 3144 Alterius
357 3102 496 3145 sermone
519 3102 618 3144 meros
640 3084 754 3144 audiret
775 3084 916 3156 honores,

214 3165 363 3229 Gracchus
386 3179 419 3229 ut
440 3170 488 3230 hic
510 3169 561 3242 illi,
583 3170 660 3230 soret
681 3169 751 3228 huic
774 3178 806 3228 ut
827 3166 942 3228 Mucius
964 3167 1021 3227 ille.

210 3250 268 3321 Qui
290 3253 389 3314 minus
412 3264 533 3331 argutos
553 3263 638 3315 vexat
660 3255 743 3314 iuror
765 3254 819 3315 iste
841 3250 964 3333 poetas?
1168 3258 1197 3309 90
1244 3236 1254 3261 ”

211 3337 346 3396 Carmina
370 3358 529 3418 compono,
551 3341 599 3401 hic
620 3341 729 3419 elegos.
774 3336 907 3399 Mirabile
928 3338 991 3398 visu

212 3421 421 3502 Caelatumque
445 3443 549 3484 novem
571 3424 662 3487 blusis
685 3425 774 3504 opusl
819 3423 946 3503 Adspice
969 3423 1107 3501 primum,

192 3676 253 3730 llo.
273 3680 357 3742 bleq.
375 3675 416 3726 vis
434 3674 561 3742 denique?
580 3678 613 3726 H
614 3679 638 3728 P
651 3692 745 3730 mrtem
762 3695 789 3729 n.
806 3693 827 3728 e
847 3680 888 3741 14,
906 3677 955 3728 312
980 3675 983 3734 Ι
1010 3674 1042 3724 63
1061 3678 1088 3723 tu
1098 3674 1195 3752 quodl

126 3748 157 3798 ‘11
179 3693 364 3880 plurequo'l'lqk
353 3744 443 3796 urbem
458 3745 462 3800 l
478 3745 510 3795 80
529 3748 645 3795 contacta
664 3749 824 3797 onontaota
836 3745 922 3798 Bentl.
939 3744 943 3810 Ι
960 3744 992 3796 82
1005 3739 1198 3807 insonn1t[qne]

124 3829 149 3865 o.
168 3814 178 3863 l
204 3810 663 3876 ab183duriist.atuao
683 3813 699 3864 l.
720 3830 762 3878 ap.
780 3815 886 3880 Porpb,
911 3809 1014 3882 (υ)189
1032 3809 1197 3876 huie..ille]

124 3881 165 3934 ed.
183 3881 338 3933 Britannici
354 3881 420 3934 Vere.
439 3896 463 3933 a.
484 3881 556 3942 1516,
575 3878 732 3932 Lambinus:
752 3882 793 3933 hio
810 3882 846 3933 illi
