2640 4372
524 212 713 265 SATleRUld
730 213 751 266 11
771 217 792 268 l.

205 382 306 445 Castor
328 386 436 464 gaudet
458 385 552 463 equis,
575 404 630 446 ovo
653 396 817 464 prognatus
840 387 944 448 eodem

203 469 330 548 Pugnis;
354 478 427 550 quot
449 471 577 550 capitum
600 471 709 538 vivunt,
733 471 854 532 totidem
877 473 1042 534 studiorum

203 554 296 615 Milia:
319 573 367 615 me
390 555 515 634 pedibus
537 556 662 617 delectat
685 556 821 616 claudere
843 557 933 617 verba

203 639 298 701 Lucili
320 640 389 715 ritu,
412 651 547 703 nostrum
569 641 701 702 melioris
725 651 861 720 utroque.

204 723 254 787 1111
276 726 357 786 velut
378 726 443 787 udis
467 744 572 786 arcana
594 725 744 787 sodalibus
766 726 835 786 olim
1162 739 1191 790 tto

204 809 349 872 Credebat
371 810 463 884 libris,
486 830 584 890 neque
607 811 631 872 si
655 811 728 871 male
752 821 879 873 cesserat
899 830 1023 890 usquam

203 895 372 956 Decurreus
395 896 461 969 alio,
485 914 583 975 neque
604 896 628 957 si
651 896 743 956 bene:
768 915 827 975 quo
849 898 891 968 lit,
915 907 948 957 ut
971 897 1067 960 omnis

204 978 306 1041 Votiva
327 989 427 1059 pateat
448 981 537 1042 veluti
561 981 706 1061 descripta
730 982 834 1042 tabella

203 1064 268 1126 Vita
290 1066 379 1127 senis.
425 1065 542 1144 Sequor
564 1067 654 1138 bunc,
678 1067 816 1128 Lucanus
837 1085 874 1127 au
898 1067 1021 1145 Apulus,
1044 1086 1168 1148 auceps3

204 1150 278 1211 Nam
299 1151 470 1213 Venusinus
493 1160 556 1211 arat
577 1152 667 1211 linem
689 1152 744 1213 sub
768 1162 927 1230 utrumque
950 1153 1084 1228 colonus,
1162 1164 1191 1214 11

204 1234 310 1298 blissus
332 1237 367 1297 ad
390 1238 447 1297 boo
470 1237 572 1315 pulsis,
595 1247 678 1298 vetus
701 1246 799 1298 estut
821 1239 907 1311 sama,
931 1237 1063 1308 Sabellis,

204 1319 269 1391 Quo
293 1340 331 1383 ue
353 1339 409 1400 per
432 1339 555 1381 vacuum
578 1321 711 1383 Romano
734 1323 901 1383 incurreret
924 1323 1024 1394 bostis,

206 1406 270 1467 Sive
294 1407 373 1485 quod
395 1406 490 1487 Apula
513 1425 588 1485 gens
609 1426 660 1468 seu
685 1407 764 1485 quod
787 1408 916 1469 Lucania
940 1407 1049 1469 bellum

206 1490 358 1552 lucuteret
378 1492 515 1553 violenta.
561 1492 619 1553 Sed
642 1492 690 1552 bic
712 1493 795 1554 stilus
818 1493 894 1553 haud
919 1503 1000 1571 petet
1021 1495 1099 1555 ultro

207 1575 390 1655 Quemquam
415 1577 593 1638 animantem
615 1586 645 1637 et
667 1596 713 1638 me
736 1578 824 1638 veluti
847 1578 993 1639 custodiet
1014 1579 1093 1641 ensis
1163 1589 1193 1639 to

207 1661 317 1742 Vagiua
339 1671 453 1736 tectus;
477 1680 565 1741 quem
589 1681 643 1723 cur
665 1663 850 1741 destringere
874 1681 967 1723 coner

206 1746 300 1809 Tutus
321 1747 358 1807 ab
381 1747 497 1808 infestis
520 1746 706 1808 latronibus?
751 1747 775 1808 0
799 1759 883 1827 pater
905 1759 935 1809 11
957 1766 1010 1808 rex

204 1831 347 1912 luppiter,
371 1840 404 1893 ut
425 1841 527 1912 pereat
550 1833 679 1912 positum
703 1832 840 1912 robigine
862 1833 954 1894 telum

205 1917 266 1978 Nec
288 1918 443 1996 quisquam
467 1930 575 1979 noceat
597 1918 705 1997 cupido
728 1919 799 1979 mibi
823 1918 919 1997 pacist
944 1927 974 1979 at
995 1917 1053 1988 ille,

206 2001 263 2073 Qui
285 2020 333 2062 me
357 2004 514 2064 commorit
540 2042 553 2051 -
575 2004 679 2065 melius
703 2024 763 2065 non
787 2013 908 2082 tangere
931 2004 1024 2064 clamo
1047 2036 1071 2078 -,
1163 2012 1192 2064 45

206 2086 301 2148 Flebit
323 2095 353 2148 et
374 2088 501 2168 insignis
524 2098 586 2150 tota
608 2089 776 2150 cantabitur
798 2091 882 2150 urbe.
905 2125 947 2134 —

206 2171 326 2233 Cervius
348 2172 439 2235 1111111
461 2174 540 2253 leges
562 2175 715 2236 minitatur
738 2185 767 2237 et
789 2195 904 2248 urnam,

208 2257 326 2320 Canidia
348 2258 454 2320 Albuci
477 2261 585 2338 quibus
608 2270 652 2321 est
674 2261 792 2321 inimica
814 2278 971 2333 venenum,

207 2342 325 2404 Grande
346 2343 456 2404 malum
479 2346 595 2417 Turius,
619 2346 715 2424 siquid
738 2364 769 2406 se
792 2345 888 2406 iudice
911 2354 1022 2406 certes:

207 2427 245 2489 Ut
266 2447 326 2508 quo
349 2429 474 2508 quisque
495 2431 571 2490 valet
591 2439 745 2508 suspectos
767 2439 876 2490 terreat
899 2437 989 2507 utque
1163 2438 1192 2491 bo

207 2512 335 2594 Imperet
358 2514 415 2574 boc
439 2526 543 2575 natura
566 2523 682 2593 potens,
705 2514 747 2573 sic
770 2515 875 2591 collige
897 2531 1023 2574 mecum.

208 2598 301 2660 Dente
324 2598 421 2678 lupus,
445 2619 540 2660 cornu
563 2608 665 2661 taurus
687 2598 774 2677 petit:
799 2598 888 2671 unde,
913 2598 969 2658 nisi
992 2599 1071 2660 intus

206 2683 425 2745 bloustratumi
469 2685 593 2746 Scaevae
615 2684 741 2744 vivacem
765 2684 852 2744 crede
875 2683 977 2761 nepoti

208 2769 347 2842 Matrem3
370 2770 412 2830 nil
434 2770 520 2830 saciet
543 2770 663 2852 sceleris
685 2769 732 2847 pia
755 2769 873 2829 dextera
895 2802 909 2813 -
932 2768 1049 2841 mirum,

208 2853 246 2915 Ut
260 2872 359 2932 neque
371 2856 450 2916 calce
466 2854 554 2934 lupus
566 2873 745 2933 quemquam
758 2873 855 2933 neque
868 2856 956 2915 dente
968 2853 1041 2932 petit
1052 2853 1107 2915 bos
1119 2885 1142 2927 -‚
1164 2862 1192 2912 tt

208 2938 264 3000 Sed
286 2940 362 3000 mala
383 2939 467 3001 tollet
488 2958 578 3000 auum
600 2940 698 3001 vitiato
721 2940 807 3001 melle
831 2940 934 3001 cicuta.

207 3023 249 3085 Ne
272 3025 394 3104 longum
418 3026 536 3086 faciam:
559 3044 610 3086 seu
633 3044 681 3086 me
703 3024 861 3103 tranquilla
882 3033 1020 3086 senectus

206 3107 365 3190 Exspectat
386 3128 439 3171 seu
461 3129 542 3171 mors
564 3112 633 3172 atris
657 3111 847 3171 circumvolat
868 3111 929 3183 alis,

208 3194 302 3265 Dives,
325 3195 422 3274 inops,
445 3196 555 3256 Romae
578 3215 631 3256 seu
653 3198 714 3256 fors
736 3196 775 3255 ita
798 3196 916 3257 iusserit
938 3194 1029 3268 exsul,

209 3278 351 3359 Quisquis
375 3281 431 3340 erit
453 3281 528 3342 vitae
551 3281 679 3342 scribam
701 3271 800 3341 color.'
838 3274 877 3342 ‘0
901 3299 983 3360 puer,
1007 3288 1040 3339 ut
1061 3278 1101 3341 111
1164 3289 1193 3339 61)

208 3363 308 3426 Vitalis
330 3373 430 3426 metuo
454 3376 483 3426 et
507 3366 649 3426 maiorum
673 3366 779 3443 nequis
801 3367 912 3427 amicus

207 3450 331 3530 Frigore
354 3459 383 3511 te
406 3441 507 3510 feriat?
543 3444 658 3522 ‘Quint
681 3469 747 3510 cum
771 3461 815 3511 est
837 3451 967 3511 Lucilius
989 3468 1077 3510 ausus

209 3534 326 3597 Primus
348 3536 378 3595 iu
402 3537 484 3596 bunc
507 3537 605 3614 operis
629 3554 809 3615 componere
833 3537 962 3596 carmina
985 3553 1108 3609 morem,

210 3621 370 3682 Detrahere
394 3629 423 3681 et
444 3620 560 3699 pellem,
586 3621 696 3682 nitidus
719 3640 775 3699 qua
799 3622 923 3700 quisque
946 3637 1073 3700 perora

122 3752 325 3766 ——

208 3838 259 3892 lo.
283 3840 313 3891 at
341 3835 461 3905 cesserat]
488 3839 534 3902 (o):
561 3844 675 3903 gesserat
702 3839 705 3902 Ι
733 3840 935 3906 11111(ε.1111)111111
962 3839 997 3901 (o)
1023 3837 1027 3901 1
1055 3840 1087 3891 49
1114 3837 1195 3906 siquis

124 3907 153 3971 (a.
172 3905 195 3957 si
214 3905 502 3974 quis)...eertet155
521 3910 593 3971 petat
609 3908 713 3973 (militi
732 3907 798 3958 male
