2640 4372
484 179 659 232 GARMlNUM
676 181 709 232 lV
729 185 768 235 12.
788 185 828 235 13.

246 352 306 413 lam
328 371 385 413 nec
407 361 490 432 prata
512 354 610 432 rigent
634 372 689 414 nec
711 354 790 414 lliivii
813 365 951 435 strepunt

320 437 452 498 Hiberna
475 438 540 499 nive
563 439 681 517 turgidi.

245 557 351 618 Nidum
372 556 466 635 punit,
489 557 553 635 ltyn
577 557 714 617 flebiliter
736 576 867 635 gemens,

162 716 167 723 ,
247 642 350 702 lnlelix
373 641 433 701 avis
455 651 485 701 et
506 640 664 722 Cecropiae
687 643 792 703 domus

246 729 406 788 Aeternum
430 726 632 805 opprobrium,
656 729 733 804 quud
759 729 832 788 male
856 728 993 790 barbaras

320 812 435 889 Regum
458 820 502 872 est
523 811 583 871 ulta
606 812 752 873 libidines,

247 931 355 992 Dicunt
376 931 406 991 in
430 939 534 990 tenero
557 931 690 1008 gramine
712 931 867 1010 pinguium

247 1014 388 1077 Custodes
411 1015 508 1074 ovium
531 1016 660 1075 carmina
683 1017 780 1075 fistula

248 1100 459 1178 Delectantque
482 1100 579 1170 deum,
602 1101 650 1160 cui
673 1119 763 1179 pecus
786 1110 815 1160 et
838 1102 938 1181 nigrae

323 1183 417 1245 Colles
440 1185 579 1245 Arcadiae
602 1184 729 1263 placent.

247 1302 402 1363 Adduxere
424 1303 501 1364 sitim
525 1312 667 1383 tempera,
691 1304 813 1381 Vergili;

249 1387 305 1449 Sed
327 1406 462 1466 pressum
486 1388 603 1448 Calibus
625 1389 733 1448 ducere
756 1389 894 1449 Liberum

248 1472 279 1532 Si
301 1473 399 1552 gestis,
422 1472 561 1533 iuvenum
586 1473 728 1533 nobilium
751 1473 854 1545 cliens,

323 1557 420 1617 Nardu
443 1558 510 1618 vina
531 1559 693 1618 merebere.

248 1675 335 1736 Nardi
359 1695 465 1755 parvus
488 1695 566 1756 onyx
589 1677 685 1737 eliciet
707 1677 821 1748 cadum,

249 1761 307 1833 Qui
330 1779 411 1821 nunc
433 1761 569 1841 Sulpiciis
592 1763 716 1822 adcubat
738 1763 862 1833 horreis,

250 1846 324 1925 Spes
346 1846 457 1907 donare
482 1865 571 1906 novas
593 1847 691 1925 largus
712 1865 869 1927 amaraque

325 1931 467 1992 Curarum
492 1931 591 1992 eluere
614 1935 726 1994 efficax.

249 2049 290 2109 Ad
315 2051 436 2129 quaesi
459 2068 601 2129 properas
623 2053 736 2130 gaudia,
759 2072 827 2114 cum
849 2062 899 2113 tua

150 2200 152 2204 ¹
248 2134 338 2194 Velox
360 2153 460 2194 merce
482 2135 564 2194 veni:
590 2157 648 2197 nun
672 2157 727 2217 ego
751 2147 779 2198 te
802 2140 875 2199 meis

248 2219 405 2279 lnmunem
427 2220 554 2280 meditor
576 2221 690 2299 tingere
713 2224 837 2302 poculis,

325 2304 415 2364 Plena
437 2305 517 2365 dives
539 2307 623 2366 utin
647 2308 744 2368 dumu.

250 2423 359 2482 Verum
381 2442 461 2501 pone
482 2442 580 2484 moras
603 2433 632 2484 et
653 2427 783 2486 studium
808 2428 881 2487 lucri

249 2507 467 2587 Nigrorumque
490 2527 612 2577 memor,
636 2511 705 2569 dnm
728 2511 804 2580 lieet,
829 2512 941 2588 ignium

249 2592 339 2654 Misce
362 2593 513 2653 stultitiam
536 2593 666 2654 consiliis
689 2595 822 2654 brevem:

326 2678 418 2739 Dulce
440 2688 484 2739 est
506 2678 640 2756 desipere
664 2680 692 2738 in
716 2679 791 2739 lucu.

628 3068 695 3128 Xlll

252 3184 405 3255 Audivere,
430 3185 515 3264 Lyce,
539 3186 568 3246 di
591 3206 655 3247 mea
676 3196 751 3260 vota,
773 3188 801 3248 di

252 3269 405 3340 Audivere,
428 3269 520 3349 Lycel
545 3273 579 3333 lis
602 3291 685 3345 anus,
710 3282 738 3332 et
760 3283 859 3333 tamen

299 3354 347 3414 Vis
370 3355 497 3415 formosa
520 3356 610 3417 videri

351 3440 499 3518 Ludisque
522 3452 551 3502 et
574 3441 649 3502 bibis
671 3442 827 3521 impudens

126 3610 328 3619 ---—.

209 3724 252 3776 llll
264 3741 289 3776 v.
305 3729 332 3778 11
349 3727 443 3791 nigrae]
462 3727 506 3789 (v),
524 3727 606 3776 unius
622 3741 658 3778 se.
677 3726 734 3779 eud.
747 3726 895 3776 Batteb'am'
914 3743 936 3779 e.
957 3726 974 3779 l.
988 3728 1065 3791 prob.
1086 3729 1115 3774 in
1133 3725 1194 3776 adn.

124 3792 258 3851 uantum
287 3810 340 3846 ree.
360 3794 392 3845 M
404 3796 467 3845 inde
486 3796 518 3844 ab
538 3812 563 3844 a.
583 3794 661 3845 1874:
689 3793 753 3858 nigri
778 3794 782 3860 Ι
809 3795 988 3846 ldmereberis
1005 3796 1041 3858 (u)
1064 3797 1068 3861 Ι
1094 3794 1195 3845 28ioco

124 3861 200 3914 codd.
219 3863 317 3927 Purpb.
337 3863 373 3912 ud
388 3879 428 3927 ep.
447 3862 456 3913 l
477 3863 517 3925 18,
536 3864 568 3913 60
