2640 4372
135 190 196 248 174
538 194 728 248 SATIRARUM
746 195 767 246 ΙΙ
784 200 808 249 6.

218 365 297 443 Ergo
320 363 371 425 ubi
395 382 441 424 me
463 365 494 424 in
516 367 626 428 montis
648 368 730 427 etin
754 385 851 428 arcem
875 387 909 429 ex
934 370 1009 431 urbe
1033 371 1152 448 removi,

219 450 295 521 Quid
319 450 401 528 prius
422 450 579 512 inlustrem
601 453 697 513 satiris
718 453 859 531 Musaque
882 453 1034 532 pedestri?

217 535 278 595 Nec
301 535 374 595 mala
399 553 445 595 me
468 535 587 596 ambitio
611 538 708 616 perdit
730 557 786 597 nec
809 539 966 616 piumbens
989 544 1097 603 Auster

217 615 446 698 Autumnusque
468 622 571 698 gravis,
594 622 740 682 Libitinae
763 634 902 701 quaestus
925 625 1060 686 acerbae.
1084 662 1126 674 -

216 705 359 767 Matutine
382 714 475 783 pater,
498 725 551 766 seu
574 705 643 766 lane
666 706 806 769 libentius
828 709 921 781 audis,

218 790 302 852 Unde
325 791 461 851 homines
484 809 608 869 operum
632 793 743 870 primos
764 793 899 871 vitaeque
922 793 1040 856 labores

216 875 380 937 Instituunt
402 909 415 919 -
438 875 481 936 sic
503 875 547 937 dis
569 878 708 955 placitum
731 910 754 950 ·‚
778 886 810 938 tu
833 879 972 941 carminis
996 890 1059 941 esto

217 961 410 1039 Principium.
456 960 566 1021 Romae
588 981 763 1040 sponsorem
786 982 833 1023 me
856 965 944 1042 rapis.
987 959 1065 1041 ‘atq

216 1046 258 1106 Ne
281 1047 363 1126 prior
386 1046 484 1106 officio
506 1046 662 1125 quisquam
683 1049 870 1125 respondeat,
893 1042 986 1128 urge?

215 1131 281 1193 Sive
305 1132 409 1208 Aquilo
433 1131 508 1190 radit
529 1140 623 1192 terras
645 1151 697 1193 seu
720 1132 824 1192 bruma
848 1134 972 1194 nivalem

215 1217 359 1277 Interiore
382 1216 460 1277 diem
482 1234 555 1295 gyro
577 1218 676 1290 trabit,
700 1217 741 1277 ire
766 1236 886 1278 necesse
909 1228 964 1280 est.

214 1302 374 1362 Postmodo
398 1301 476 1380 quod
500 1302 538 1361 mi
562 1302 639 1362 obsit
662 1303 739 1362 ctare
761 1311 937 1381 certumque
960 1303 1060 1366 locuto

216 1387 401 1448 Luctandum
424 1387 454 1446 in
477 1386 566 1446 turba
589 1397 618 1448 et
639 1388 772 1447 facienda
796 1388 904 1448 iniuria
926 1390 1027 1451 tardis.

212 1465 304 1544 ‘Quid
326 1472 377 1544 vis,
402 1472 514 1542 insane,
538 1481 567 1532 et
590 1491 663 1550 quas
685 1491 734 1533 res
756 1468 856 1550 agis?²
882 1473 1037 1551 improbus
1062 1486 1145 1556 urget

216 1556 300 1617 lratis
322 1556 478 1636 precibus;
498 1550 543 1617 ‘tu
566 1557 665 1636 pulses
688 1576 777 1618 omne
800 1557 879 1636 quod
903 1558 1009 1634 obstat,
1109 1620 1120 1643 ,

215 1643 257 1702 Ad
281 1642 478 1703 Maecenatem
502 1643 627 1702 memori
650 1643 674 1704 si
696 1653 795 1725 mente
819 1639 973 1705 recurras?

215 1728 278 1788 Hoc
300 1728 379 1787 iuvat
401 1736 429 1788 et
452 1727 530 1786 melli
553 1737 607 1801 est,
631 1746 692 1788 uon
716 1729 851 1788 mentiar.
896 1728 933 1787 dt
955 1729 1043 1791 simul
1065 1740 1139 1791 atras

214 1813 342 1874 Ventum
365 1822 409 1873 est
431 1812 587 1892 Esquilias,
610 1813 703 1873 aliena
728 1813 844 1890 negotia
869 1823 988 1875 centurn

213 1897 270 1957 Per
293 1906 382 1976 caput
404 1906 433 1957 et
455 1898 531 1957 circa
554 1898 663 1958 saliunt
685 1898 776 1960 latus:
796 1892 886 1958 ‘Ante
909 1899 1069 1960 secundam

212 1982 337 2043 Roscius
360 1982 461 2042 orabat
483 1981 538 2042 sibi
561 1983 678 2043 adesses
700 1984 735 2043 ad
759 1983 860 2043 Puteal
882 1977 978 2057 cras3‘

210 2060 266 2127 ‘De
289 2085 321 2125 re
344 2067 494 2127 communi
517 2066 629 2126 scribae
653 2086 757 2145 magna
781 2077 868 2146 atque
892 2087 967 2129 nova
989 2079 1018 2130 te

212 2151 346 2212 Orabam
367 2151 453 2212 bodie
477 2151 670 2223 meminisses,
694 2152 813 2222 Quinte,
836 2144 973 2227 reverti;’

207 2233 373 2315 ‘Imprimat
395 2237 440 2296 bis
462 2254 531 2296 cura
554 2235 707 2297 Maecenas
728 2238 811 2316 signa
834 2236 967 2299 tabellis?

211 2321 335 2393 Dixeris,
354 2314 523 2400 ‘experiar‘‚
544 2313 581 2382 ‘si
603 2322 655 2394 vis,
678 2319 772 2400 potes'
797 2323 876 2383 addit
898 2333 928 2383 et
951 2325 1050 2385 instat.
1075 2358 1114 2368 -

211 2407 360 2487 Septimus
383 2415 485 2467 octavo
508 2407 631 2486 propior
653 2407 710 2467 iam
732 2408 842 2486 sugerit
863 2426 970 2482 annus,

211 2493 254 2553 Ex
278 2512 336 2572 quo
360 2493 515 2554 Maecenas
538 2511 584 2553 me
607 2495 706 2571 coepit
727 2492 837 2553 habere
860 2511 982 2554 suorum

210 2579 242 2638 ln
268 2597 403 2652 numero,
426 2580 576 2639 dumtaxat
597 2579 631 2638 ad
655 2579 721 2652 hoc,
745 2597 832 2658 quern
856 2578 960 2639 tollere
982 2581 1066 2640 raeda

210 2665 303 2725 Vellet
325 2666 380 2725 iter
403 2665 513 2726 faciens
536 2673 566 2724 et
588 2664 635 2723 cui
660 2664 840 2725 concredere
864 2681 958 2742 nugas

211 2750 275 2810 Hoc
297 2769 407 2829 genus:
427 2745 520 2810 ‘Hora
544 2758 633 2828 quota
656 2744 748 2821 est?'‚
768 2742 897 2809 ‘Thraex
925 2758 980 2876 esvt,
991 2749 1103 2809 Gallina
1125 2748 1190 2828 Syro

911 2851 991 2909 ar.‚

207 2912 363 2980 ‘Matutine
385 2938 491 2998 parum
515 2928 616 2980 cautos
639 2918 695 2978 iam
719 2917 828 2996 frigora
850 2853 1008 2992 mfflrdent'

212 3003 248 3064 Et
270 3024 345 3083 quae
368 3006 474 3065 rimosa
497 3006 572 3065 bene
596 3005 789 3083 deponuntur
810 3004 841 3062 in
865 3023 945 3064 aure.

212 3089 266 3149 Per
289 3101 384 3150 totum
406 3090 462 3150 boc
485 3101 602 3168 tempus
624 3088 785 3149 subiectior
807 3089 837 3148 in
861 3089 939 3150 diem
961 3089 1114 3150 ethoram

211 3174 340 3235 Invidiae
363 3183 473 3235 noster.
518 3174 618 3235 Ludos
640 3182 834 3254 spectaverat,
857 3193 918 3234 una

211 3259 334 3321 Luserat
356 3260 385 3319 in
409 3278 529 3338 campo:
550 3253 713 3320 ‘Fortunae
736 3253 844 3319 fitiust’
870 3277 983 3319 omnes.

211 3344 348 3423 Frigidus
369 3362 385 3404 a
409 3346 513 3406 rostris
536 3354 636 3405 manat
658 3363 712 3423 per
734 3344 862 3422 compita
886 3360 1005 3414 rumor;

210 3429 397 3509 Quicumque
419 3431 522 3491 obrius
545 3440 600 3493 est,
622 3448 669 3490 me
693 3430 834 3490 consulit:
857 3424 887 3489 ‘o
911 3429 990 3490 bone
1012 3461 1026 3472 ·
1050 3446 1117 3488 nam
1139 3437 1167 3486 te

210 3516 301 3585 Scire,
324 3515 395 3577 deos
418 3517 558 3595 quoniam
581 3516 705 3596 propius
727 3515 886 3593 contingis,
909 3523 1028 3596 oportet
1050 3547 1075 3587 ·‚

167 3656 181 3661 ...
202 3656 207 3661 ..
214 3654 268 3662 ..ι-..-
274 3654 299 3661 ·-
310 3654 323 3661 a

212 3751 243 3803 Vl
263 3768 284 3803 r.
305 3753 337 3805 Mi
355 3750 416 3818 quid
435 3752 485 3815 ris]
508 3752 555 3813 ted:
579 3751 641 3819 qnid
665 3753 710 3803 tibi
735 3753 775 3804 nis
798 3768 813 3801 u
832 3754 878 3813 (ι.-
894 3751 992 3814 Beati.)
1018 3753 1023 3813 Ι
1050 3763 1127 3816 qnam
1143 3758 1195 3798 rem

125 3819 211 3870 Bruti.
233 3822 237 3883 Ι
258 3821 313 3886 apis
331 3835 382 3871 om.
400 3824 437 3882 tot
458 3827 462 3879 ξ
483 3820 539 3885 agis
556 3813 715 3887 improbust’
735 3826 809 3886 urget
825 3820 860 3870 nt.
885 3819 890 3885 Ι
913 3821 946 3872 48
964 3818 1122 3886 spectauerit
1136 3817 1169 3880 (υ)
1189 3813 1196 3882 Ι

123 3889 156 3941 48
169 3904 208 3953 sq.
228 3895 389 3955 spectarent
407 3903 466 3947 uua,
485 3887 581 3940 inserat
599 3903 641 3954 ug.
657 3891 662 3951 l
678 3890 711 3941 tt
729 3888 818 3940 luserit
835 3890 872 3951 (e)
