2640 4372
124 201 184 260 132
269 242 273 251 -
526 201 716 255 serrantium
734 203 743 254 l
761 205 785 254 3.

207 377 348 436 Porrecto
372 375 472 454 iugulo
495 374 632 435 historias
654 374 786 452 captivus
809 383 842 434 ut
863 374 953 434 audit.

134 471 163 520 00
208 459 379 520 Conminxit
401 460 509 520 lectum
531 469 620 538 potus
642 476 779 519 mensave
802 459 930 519 catillum

207 545 339 605 Euandri
361 543 498 605 manibus
519 545 621 604 tritum
644 544 763 604 deiecit:
787 543 826 603 ob
850 545 927 603 banc
949 563 1012 605 rem

207 633 266 689 Aut
288 630 415 709 positum
438 640 507 689 ante
529 647 593 689 mea
616 629 684 707 qnia
707 629 820 707 pullum
842 629 873 688 in
896 638 979 707 parte
1003 632 1093 692 catini

209 715 332 775 Sustulit
355 714 499 784 esuriens,
522 715 620 774 minus
641 713 699 772 boc
721 714 868 773 iucundus
890 713 1003 774 amicus

208 799 252 859 Sit
274 797 367 859 mibi?
390 798 467 869 Quid
489 799 603 872 faciam,
627 799 650 858 si
674 799 786 858 furtum
808 798 913 858 fecerit
935 808 985 858 aut
1006 799 1031 861 si

135 893 164 943 95
208 884 375 944 Prodiderit
396 883 543 943 conmissa
566 884 623 942 fide
645 901 824 961 sponsumve
848 881 983 959 negarit?
1022 917 1024 920 >

209 969 281 1040 Quis
304 969 383 1048 paria
407 987 471 1029 esse
493 968 555 1028 fere
578 968 689 1046 placuit
711 978 839 1045 peecata,
863 966 1008 1041 laborant,

210 1054 282 1116 Cum
307 1062 425 1114 ventum
449 1054 484 1113 ad
508 1071 608 1113 verum
632 1060 691 1126 est;
721 1071 826 1113 sensus
848 1070 1007 1131 moresque
1031 1072 1145 1134 repugn

209 1145 305 1218 Atque
328 1140 390 1218 ipsa
412 1138 531 1211 utilitas,
555 1138 624 1198 iusti
645 1156 740 1216 prope
763 1146 855 1198 mater
878 1145 907 1196 00
929 1138 1025 1215 aequi.
1047 1172 1090 1182 —

211 1222 284 1285 Cum
307 1232 522 1302 prorepserunt
544 1222 647 1300 primis
669 1223 804 1283 animalia
826 1222 922 1292 terris,

125 1317 167 1367 100
210 1309 324 1369 Mutum
339 1319 369 1368 et
384 1317 471 1385 turpe
487 1326 588 1384 pecus,
604 1307 740 1385 glandem
757 1315 844 1385 atque
860 1304 967 1365 cubilia
983 1315 1106 1386 propter

208 1393 363 1471 Unguibus
386 1401 416 1452 et
438 1392 556 1470 pugnis,
579 1391 646 1451 dein
671 1391 806 1464 fustibus,
830 1401 918 1469 atque
941 1391 979 1449 ita
1002 1409 1093 1470 porro

209 1477 386 1555 Pugnabant
408 1477 506 1549 armis,
530 1495 604 1554 quae
627 1487 694 1554 post
716 1475 908 1536 fabricaverat
930 1493 1012 1546 usus,

211 1562 313 1623 Donec
335 1562 432 1633 verba,
456 1560 564 1639 quibus
585 1580 672 1621 voces
695 1579 860 1639 sensusque
884 1567 1033 1634 notarent,

210 1647 394 1725 Nominaque
417 1647 573 1720 invenere;
597 1645 703 1706 debinc
726 1645 868 1706 absistere
891 1643 979 1718 bello,

124 1741 166 1791 105
212 1730 326 1812 Oppida
350 1740 515 1810 coeperunt
537 1731 654 1791 munire
677 1739 705 1790 et
727 1748 840 1808 ponere
862 1729 953 1807 leges,

210 1816 320 1895 Nequis
343 1818 390 1875 fur
413 1824 489 1876 esset
512 1834 571 1876 neu
593 1815 668 1875 latro
692 1815 820 1894 neuquis
841 1815 966 1875 adulter.

208 1900 280 1961 Nam
303 1902 359 1961 fuit
381 1911 449 1961 ante
473 1900 614 1960 Helenam
638 1918 756 1960 cunnus
777 1901 945 1959 taeterrima
968 1898 1038 1959 belli

210 1983 313 2059 Causa,
336 1986 385 2045 sed
409 1985 518 2063 ignotis
541 1985 695 2063 perierunt
717 1984 862 2045 mortibus
885 1983 935 2055 illi,

211 2070 292 2140 Quos
315 2070 460 2129 Venerem
483 2069 627 2128 incertam
648 2069 791 2147 rapientis
814 2087 896 2129 more
920 2068 1050 2130 ferarum

124 2162 166 2213 110
209 2153 327 2215 Viribus
350 2154 456 2214 editior
479 2153 625 2226 caedebat,
649 2155 733 2214 utin
757 2173 845 2233 grege
867 2162 979 2213 050005.

211 2239 285 2320 1005
301 2240 419 2299 inventa
442 2246 521 2298 metu
544 2239 644 2299 iniusti
669 2240 777 2299 fateare
801 2257 921 2299 necesse
944 2246 996 2311 050,

211 2323 357 2403 Tempora
380 2324 405 2384 si
428 2326 577 2402 fastosque
599 2324 670 2384 volis
693 2325 824 2384 evolvere
846 2323 959 2383 mundi.

210 2408 271 2468 Nec
295 2418 397 2469 natura
420 2416 519 2488 potest
540 2409 616 2469 iusto
639 2427 796 2470 secernere
819 2408 964 2486 iniquum,

211 2493 318 2555 Dividit
339 2505 372 2554 ut
394 2493 472 2554 bona
495 2494 624 2567 diversis,
648 2495 787 2573 fugienda
809 2494 954 2572 petendis,

125 2585 168 2636 110
211 2578 272 2638 Νο0
295 2580 391 2639 vincet
414 2580 488 2640 ratio
511 2580 577 2651 boc,
601 2580 773 2640 tantundem
797 2587 830 2638 ut
852 2586 955 2657 peccet
977 2576 1112 2654 idemque

212 2662 269 2732 Qui
290 2674 410 2725 teneros
432 2665 522 2725 caulis
544 2664 633 2723 alieni
655 2664 776 2742 fregerit
798 2663 876 2722 horti

211 2748 249 2808 Et
271 2751 321 2828 qui
345 2759 512 2811 nocturnos
534 2767 615 2809 55005
639 2747 735 2808 divum
758 2747 878 2824 legerit:
902 2745 977 2806 adsit

211 2833 332 2912 Regula,
355 2835 483 2914 peccatis
505 2851 581 2912 quae
602 2851 715 2912 poenas
737 2833 855 2911 inroget
877 2849 994 2908 aequas,

211 2917 254 2978 Ne
276 2921 386 2980 scutica
409 2921 531 2996 dignum
553 2917 687 2979 horribili
710 2926 823 2978 sectere
845 2916 969 2996 flagello.

126 3009 169 3060 110
211 3002 284 3063 Nam
306 3015 340 3064 ut
362 3004 454 3063 ferula
477 3004 579 3064 caedas
601 3004 738 3064 meritum
761 3003 872 3062 maiora
894 2999 995 3061 subire

212 3086 351 3160 Verbera,
374 3107 435 3147 uon
458 3106 572 3160 vereor,
597 3106 664 3148 curn
688 3089 766 3148 dicas
788 3107 852 3148 esse
876 3086 954 3165 paris
977 3103 1025 3145 res

214 3171 305 3231 Furta
326 3172 488 3233 latrociniis
510 3181 539 3232 et
560 3173 674 3252 magnis
697 3191 784 3252 parva
805 3171 928 3232 mineris
966 3199 970 3203 >

213 3256 299 3317 falce
322 3257 484 3318 recisurum
508 3257 595 3318 simili
619 3266 656 3331 te,
679 3258 702 3318 si
725 3257 777 3318 tibi
800 3274 926 3336 regnum

214 3341 390 3403 Permittant
412 3343 556 3403 homines.
601 3342 632 3402 Si
656 3343 743 3417 dives,
767 3343 818 3421 qui
841 3341 961 3420 sapiens
984 3347 1037 3412 est,

128 3433 170 3484 115
213 3425 251 3485 Et
272 3437 355 3488 sutor
377 3427 475 3489 bonus
498 3436 527 3488 et
547 3427 628 3488 solus
650 3429 799 3489 formosus
821 3437 850 3488 00
872 3435 918 3487 050
940 3444 1001 3498 rex,

213 3510 273 3572 Cur
296 3522 380 3591 optas
403 3514 481 3590 quod
505 3509 616 3572 habes?
657 3504 742 3572 ‘Non
767 3513 859 3584 nosti,
890 3511 962 3589 quid
984 3497 1079 3589 pater’
1106 3507 1147 3567 ine

210 3589 406 3678 ‘Chrysippus
429 3597 519 3658 dicat:
542 3596 661 3675 sapiens
683 3596 817 3675 crepidas
839 3595 894 3657 sibi
919 3612 1082 3674 numquam

128 3728 331 3738 u——u—.—

215 3813 352 3867 lllo.10'l
378 3815 512 3867 deterrima
540 3815 544 3882 Ι
574 3817 620 3866 111
646 3811 732 3865 diuum
755 3827 827 3864 saera
854 3811 858 3878 Ι
888 3815 936 3864 119
961 3828 1008 3864 000
1034 3813 1039 3879 l
1068 3815 1147 3867 121n

128 3881 162 3931 A.
181 3882 282 3933 Polmer
297 3883 301 3950 Ι
319 3885 366 3936 128
386 3899 436 3951 quo
