2640 4372
152 182 213 242 222
531 181 761 235 EPISTULARUM
777 182 798 235 ΙΙ
815 186 840 236 2.

238 356 355 426 Quanto
378 374 446 416 cum
470 358 555 429 fastu,
579 364 689 434 quanto
713 356 865 416 molimine
888 357 1000 416 circum

238 440 412 519 spectemus
432 459 552 503 vacuam
575 441 716 502 Romanis
738 440 853 502 vatibus
873 441 991 516 aedem;

164 537 193 587 95
237 526 305 587 Mon
328 527 425 599 etiam,
447 527 472 588 si
495 527 571 587 forte
594 545 688 599 vacas,
711 545 836 605 sequere
859 535 889 586 et
910 528 1017 605 procul
1039 530 1118 605 audi,

236 611 313 682 Quid
335 612 408 671 ferat
431 622 461 673 et
482 631 539 690 qua
562 630 594 672 re
617 612 673 673 sibi
695 619 795 672 nectat
816 620 941 690 uterque
964 632 1117 677 coronam.

236 696 390 758 caedimur
413 707 442 757 et
464 698 584 757 totidem
609 697 701 777 plagis
724 697 926 758 consumimus
948 697 1064 760 hostem

235 783 330 843 Lento
354 781 500 843 Samnites
522 783 557 843 ad
580 783 691 843 lumina
714 783 808 861 prima
831 781 938 842 duello.

237 867 361 929 Discedo
385 867 508 928 Alcaeus
531 877 642 947 puncto
666 867 752 941 illius,
775 867 824 928 ille
845 885 912 927 meo
935 866 1025 946 quis?

150 961 192 1013 100
236 952 309 1023 Quis
331 952 388 1013 nisi
412 950 627 1013 Callimachus?
649 953 673 1014 si
696 953 763 1032 plus
784 953 945 1032 adposcere
967 953 1057 1027 visus,

235 1038 281 1098 Fit
302 1037 495 1098 Mimnermus
518 1046 547 1098 et
568 1039 667 1118 optivo
690 1038 869 1116 cognomine
892 1039 1007 1099 crescit.

234 1123 324 1183 Multa
347 1123 421 1195 fero,
443 1132 477 1183 ut
498 1123 611 1202 placem
634 1141 729 1201 genus
751 1121 899 1183 inritabile
921 1133 1029 1198 vatum,

234 1207 306 1269 Cum
329 1206 429 1268 scribo
451 1216 481 1269 et
503 1209 628 1289 supplex
650 1208 753 1288 populi
775 1207 914 1285 suffragia
936 1218 1039 1288 capto;

232 1293 312 1354 ldem
334 1293 425 1354 finitis
446 1293 550 1356 studiis
572 1303 602 1354 et
623 1302 722 1355 mente
745 1303 864 1373 recepta

235 1378 379 1439 Obturem
400 1379 514 1457 patulas
537 1380 657 1459 impune
680 1379 848 1457 legentibus
870 1379 960 1440 auris.
982 1413 1025 1425 —

233 1464 378 1524 Ridentur
400 1464 475 1524 mala
498 1465 548 1543 qui
573 1474 759 1543 componunt
781 1465 920 1539 carmina,
943 1482 1045 1525 verum

234 1548 370 1609 Gaudent
391 1550 556 1612 scribentes
578 1558 607 1610 et
629 1569 661 1611 se
682 1559 862 1610 venerantur
884 1559 914 1610 et
935 1549 1024 1624 ultro,

233 1634 263 1694 Si
286 1643 393 1707 taceas,
416 1635 536 1696 laudant
558 1634 699 1713 quidquid
722 1635 867 1715 scripsere
891 1634 978 1696 beati.

232 1722 269 1779 At
292 1720 342 1798 qui
365 1720 527 1798 legitimum
552 1720 652 1799 cupiet
673 1720 778 1782 iecisse
800 1738 905 1799 poema

233 1805 305 1866 Cum
329 1804 435 1866 tabulis
457 1806 587 1866 animum
611 1805 743 1866 censoris
765 1812 862 1866 sumet
882 1805 1017 1878 honesti;

230 1890 367 1962 Audebit,
390 1908 595 1969 quaecumque
617 1908 722 1970 parum
745 1890 912 1969 splendoris
933 1889 1089 1951 habebunt

230 1975 267 2034 Et
289 1975 354 2035 sine
376 1976 508 2055 pondere
531 1984 620 2036 erunt
642 1986 672 2035 et
693 1976 808 2036 honore
830 1975 950 2055 indigna
973 1976 1120 2051 ferentur,

232 2059 324 2119 Verba
348 2077 466 2120 movere
489 2060 565 2132 loco,
590 2060 722 2138 quamvis
744 2060 835 2122 invita
857 2061 998 2121 recedant

229 2143 267 2204 Et
287 2153 445 2205 versentur
467 2144 562 2204 adhuc
583 2145 663 2205 inter
684 2146 845 2223 penetralia
868 2145 987 2219 Vestae3

230 2228 394 2289 Obscurata
416 2228 466 2289 diu
490 2229 601 2308 populo
624 2229 721 2290 bonus
744 2242 829 2291 eruet
851 2241 940 2310 atque
1056 2229 1058 2233 ’

230 2314 365 2374 Proleret
387 2314 417 2374 in
440 2314 537 2375 lucem
559 2314 692 2394 speciosa
714 2315 855 2377 vocabula
878 2334 989 2389 rerum,

228 2398 311 2469 Quae
333 2400 440 2478 priscis
461 2411 622 2462 memorata
644 2399 806 2462 Catonibus
827 2412 916 2480 atque
938 2400 1075 2480 Cethegis

228 2484 315 2546 Nunc
338 2486 411 2547 situs
433 2486 569 2547 informis
592 2487 701 2567 premit
723 2496 753 2547 et
775 2488 889 2548 deserta
911 2494 1059 2561 vetustas3

226 2572 377 2633 Adsciscet
400 2591 484 2645 nova,
508 2590 584 2651 quae
606 2573 725 2651 genitor
747 2572 921 2652 produxerit
942 2590 1022 2633 usus.

227 2655 355 2718 Vemens
377 2666 406 2718 et
427 2657 556 2735 liquidus
580 2676 715 2736 puroque
738 2657 903 2719 simillimus
924 2656 1004 2717 amni

227 2741 344 2803 Fundet
367 2762 438 2823 opes
460 2742 637 2821 Latiumque
659 2742 758 2803 beabit
780 2743 868 2804 divite
890 2741 1008 2821 lingua:

226 2826 419 2889 Luxuriantia
442 2837 622 2906 compescet,
646 2828 733 2889 nimis
756 2847 861 2906 aspera
883 2845 956 2888 sano

226 2911 348 2973 Levabit
370 2913 460 2986 cultu,
483 2913 590 2974 virtute
613 2913 745 2973 carentia
766 2913 858 2986 tollet,

226 2995 369 3059 Ludentis
391 2999 520 3077 speciem
544 2997 625 3058 dabit
646 3011 676 3059 et
697 2997 896 3076 torquebitur,
918 3005 951 3057 ut
973 2995 1024 3074 qui

225 3081 311 3142 Nunc
335 3082 480 3162 Satyrum,
505 3103 586 3145 nunc
609 3092 754 3162 agrestem
778 3084 904 3164 Cyclopa
927 3090 1071 3142 movetur.
1095 3114 1138 3125 —

225 3166 418 3228 Praetulerim
440 3169 569 3247 scriptor
591 3169 699 3230 delirus
721 3170 862 3247 inersque
885 3167 985 3236 videri,

224 3251 300 3313 Dum
324 3271 388 3312 mea
410 3252 558 3315 delectent
580 3255 654 3315 mala
677 3273 723 3315 me
745 3254 791 3314 vel
813 3253 941 3331 denique
964 3251 1075 3324 lallant,

225 3336 319 3408 Quom
343 3356 447 3417 sapere
470 3349 498 3400 et
521 3338 621 3419 ringi‘l
665 3339 733 3400 Fuit
756 3337 833 3399 baud
856 3336 994 3417 ignobilis
1017 3336 1115 3414 Argis,

223 3421 282 3493 Qui
304 3442 335 3484 se
358 3423 498 3485 credebat
520 3425 610 3486 miros
633 3425 734 3486 audire
756 3423 913 3501 tragoedos

138 3514 181 3567 130
223 3508 258 3568 ln
283 3527 373 3570 vacuo
396 3509 490 3571 laetus
512 3529 610 3571 sessor
632 3511 812 3590 plausorque
833 3510 959 3580 theatro,
1015 3544 1024 3556 ·

223 3743 243 3795 ll
260 3760 284 3796 v.
304 3747 336 3797 96
354 3759 432 3812 qnare
450 3746 485 3796 ot
500 3750 505 3809 1
525 3748 572 3797 105
591 3746 678 3798 aurist
696 3747 731 3797 al„
751 3744 757 3814 Ι
775 3747 822 3798 112
841 3745 956 3796 feruntur
973 3758 990 3792 υ
1007 3741 1123 3794 fruentur
1139 3743 1212 3790 rocca

136 3811 364 3942 lgl'rrllmffm
381 3813 454 3866 anal.
472 3814 566 3866 Horat.
582 3830 609 3881 p.
628 3817 661 3867 42
672 3831 729 3880 sqq.
754 3814 759 3882 Ι
785 3816 835 3868 114
851 3812 917 3864 intra
934 3826 979 3876 vg.
1003 3811 1008 3878 Ι
1035 3810 1082 3863 tta
1100 3807 1209 3861 calentia
