2640 4372
131 179 195 241 2⁰2
509 185 829 242 muntia

216 361 313 422 trater
333 370 433 419 ulm
454 359 599 437 populum
621 360 763 419 trunti
783 361 869 438 cnp'n
891 371 1008 438 pau:

132 456 161 504 ta
215 446 402 508 eolleetm
424 444 527 503 bibant
547 445 652 504 inbr'n
673 456 819 523 puteosne
839 446 984 523 perennis

217 530 1048 610 logosque-annuuntmilhmme.

216 616 297 676 Rure
320 633 387 675 meo
408 634 529 694 prmum
551 615 666 692 quidvis
687 616 822 693 perlerre
843 617 980 694 patique:

216 702 261 761 td
284 719 365 761 mare
387 719 455 760 tum
477 701 555 761 reni.
576 718 756 778 mansan
779 712 809 760 et
831 700 898 760 tue
920 701 1052 778 requiro

217 787 304 858 Quod
325 804 413 846 curas
433 784 541 862 abigat
562 787 642 863 quod
664 804 733 845 cum
755 804 810 864 spe
831 786 920 845 divite
941 798 1041 845 manet

130 880 160 930 π
217 872 251 932 ln
274 890 365 933 renas
385 872 578 948 animumque
600 889 709 931 meum
730 869 811 948 quod
834 869 923 930 rerba
944 872 1100 941 niam

217 958 304 1028 Quod
326 975 373 1016 me
395 956 532 1016 Lucanae
553 957 689 1015 iuvenem
711 955 900 1015 commendet
920 957 1034 1016 amitae
1054 974 1085 1026 ·;

217 1043 342 1104 Tractus
363 1052 430 1101 uter
451 1042 546 1120 pluris
567 1041 694 1120 lepores.
717 1051 784 1100 uter
804 1041 910 1101 educet
931 1059 1038 1119 apros;

218 1128 288 1188 [tra
310 1128 404 1205 magis
424 1127 513 1206 pisc'e
535 1137 564 1185 et
585 1126 710 1186 echinos
731 1144 860 1203 aequora
881 1125 991 1197 celent,

217 1213 339 1292 Pinguis
361 1223 395 1272 ut
415 1211 485 1272 inde
506 1211 627 1271 domum
649 1211 762 1289 pressim
784 1211 959 1289 Phaeaxque
979 1211 1097 1283 reverti,

130 1306 159 1356 z
216 1298 353 1358 Scribere
375 1309 405 1358 te
427 1296 526 1366 nobis,
547 1297 600 1356 tibi
623 1315 679 1356 nos
699 1296 858 1357 adcredere
881 1315 935 1375 par
955 1306 1012 1358 est.
1033 1329 1076 1340 -·

218 1383 362 1455 Maenius,
384 1394 418 1443 ut
439 1382 529 1443 rebus
551 1384 693 1442 maternis
714 1393 803 1460 atque
825 1382 959 1459 paternis

217 1468 346 1529 Fortiter
366 1467 532 1547 absumptis
553 1468 687 1528 urbanus
707 1469 806 1546 coepit
827 1467 930 1527 haberi

216 1554 335 1625 Scurra,
357 1572 448 1632 vagus
471 1572 531 1613 nou
554 1554 607 1631 qui
628 1563 742 1612 certum
765 1571 908 1631 praesepe
928 1561 1055 1622 tenffct

216 1638 388 1718 lmprausus
410 1658 470 1699 nou
495 1639 546 1717 qui
568 1640 661 1699 civem
683 1639 853 1698 dinosceret
873 1638 969 1706 hoste,

128 1730 159 1780 ω
214 1723 369 1794 Quaelibet
391 1725 422 1784 in
445 1725 580 1802 quemvis
600 1724 762 1802 opprobria
784 1724 897 1802 lingere
918 1740 1034 1793 sacrus,

217 1809 369 1870 Pernicies
390 1820 421 1869 et
441 1820 600 1888 tempestas
621 1809 852 1886 barathrumque
874 1806 1000 1878 macelli,

215 1894 363 1972 Quidquid
386 1897 552 1972 quaesierat
573 1895 669 1954 ventri
690 1894 819 1954 donabat
839 1912 936 1953 araro.

216 1978 279 2049 llic,
302 1978 353 2039 ubi
375 1981 525 2057 nequitiae
548 1978 711 2039 fautoribus
732 1989 762 2038 et
783 1979 892 2039 timidis
914 1978 957 2038 nil

216 2066 273 2122 Aut
295 2063 426 2142 paullum
449 2064 616 2134 abstulerat,
640 2066 753 2143 patinas
776 2064 902 2124 cenabat
922 2063 1015 2124 omasi

127 2155 157 2206 ³5
216 2147 285 2207 l'ilis
307 2158 336 2207 et
357 2149 494 2227 agninae,
517 2148 611 2208 tribus
634 2149 711 2208 ursis
733 2150 812 2227 quod
834 2150 905 2209 satis
926 2158 1021 2221 essen

213 2232 332 2292 Scilicet
353 2242 386 2291 ut
408 2243 526 2292 ventres
548 2233 645 2292 lamna
668 2234 815 2294 candente
838 2243 981 2313 nepotum

213 2317 329 2378 lliceret
352 2317 482 2378 urendos
505 2328 658 2378 correctus
680 2318 806 2379 bestius.
851 2319 940 2392 ldem,

214 2402 364 2482 Quidquid
386 2414 449 2464 erat
472 2414 576 2464 nactus
599 2405 723 2482 praedae
745 2405 873 2475 maioris,
896 2404 947 2464 ubi
969 2421 1060 2463 omne

212 2487 346 2548 Verterat
366 2489 397 2549 in
421 2490 534 2550 sumum
558 2497 589 2549 et
610 2490 752 2559 cinerem,
772 2483 847 2549 ‘nou
871 2490 992 2550 hercule
1014 2481 1124 2563 miror,'

125 2583 154 2631 lo
212 2573 324 2646 Aiebat,
343 2567 434 2653 ‘siqui
457 2575 619 2635 comeduut
640 2573 729 2646 bona,
752 2592 820 2635 cum
842 2575 880 2635 sit
903 2573 994 2636 obeso

212 2657 258 2718 Nil
281 2659 385 2720 melius
408 2659 504 2731 turdo,
528 2660 570 2720 nil
590 2659 672 2720 volva
694 2659 848 2738 pulchrius
869 2649 983 2739 ampla.²

213 2742 357 2804 Nimirum
381 2744 428 2804 hic
452 2763 505 2822 ego
529 2763 604 2805 sum.
647 2744 720 2804 Nam
743 2755 805 2803 tuta
827 2752 858 2804 et
877 2745 996 2824 parvola
1018 2743 1115 2818 laudo,

213 2825 285 2887 Cum
309 2847 356 2889 res
378 2829 528 2901 deficiunt,
551 2830 621 2890 satis
643 2830 721 2889 iuter
741 2830 807 2890 vilia
831 2830 931 2904 lortis3

214 2911 321 2972 Verum
345 2913 395 2974 ubi
418 2915 487 2991 quid
511 2914 615 2975 melius
637 2914 785 2992 contingit
807 2924 836 2975 et
857 2915 986 2989 unctius,
1008 2913 1087 2976 idem

125 3005 154 3054 lt
213 2995 270 3057 Vos
291 3016 396 3077 sapere
419 3009 449 3057 et
470 3000 548 3060 solos
570 3001 616 3059 aio
638 3000 716 3059 bene
739 3000 844 3073 rivere,
868 3018 995 3077 quorum

213 3082 400 3161 Conspicitur
423 3083 521 3144 nitidis
543 3085 663 3145 lundata
686 3085 811 3163 pecunia
837 3084 920 3145 villis.

128 3234 328 3244 --.——

211 3329 256 3382 XV
269 3348 292 3382 υ,
309 3333 339 3383 ld
351 3330 432 3383 dulcis
449 3333 453 3400 Ι
471 3336 499 3385 l'l
514 3335 623 3400 quodvis
640 3334 673 3387 Ν.
687 3337 810 3386 Heinsius
824 3336 928 3388 Obscro.
941 3335 970 3386 lll
984 3337 1016 3388 13
1032 3353 1060 3402 p.
1074 3338 1125 3390 493
1135 3352 1171 3400 sq.
1186 3327 1191 3400 Ι

126 3400 156 3451 27
170 3416 208 3464 sq.
227 3399 343 3451 distinxi
360 3415 420 3451 cum
438 3401 497 3462 AK3
517 3405 603 3456 baberi
622 3419 706 3456 scurra
726 3418 815 3470 vagus,
833 3404 973 3467 albabeti,
991 3418 1088 3465 scurra,
1108 3415 1193 3469 vagus,

125 3470 151 3517 ct
168 3466 255 3519 baberi
274 3483 373 3532 scurra,
392 3483 486 3534 vagus,
510 3475 536 3520 et
554 3472 654 3532 baberi,
679 3487 764 3523 scurra
786 3487 880 3537 vagus,
907 3472 941 3524 al.
968 3471 973 3536 Ι
1001 3474 1035 3524 32
1054 3472 1194 3524 donaratv

123 3535 166 3653 pi-
181 3535 356 3656 ll⁰)Bdouprel
373 3536 460 3589 Booti.
477 3539 529 3605 135
548 3540 653 3606 agnini!
673 3542 705 3591 37
725 3545 858 3606 correptus
875 3556 891 3590 o
910 3545 1038 3591 corrector
1055 3543 1100 3605 (o),
1120 3540 1195 3592 Lam·

151 3619 209 3667 nur,
251 3610 313 3658 eol.
