2640 4372
126 200 185 258 188

123 385 152 436 tt

488 201 719 255 EPISTULARUM
737 203 746 255 l
765 205 788 256 2.
807 206 830 256 3.

210 374 257 435 lre
278 375 352 435 viam
376 392 433 453 qua
457 384 601 435 monstret
624 392 730 454 eques;
754 376 913 447 venaticus,
937 395 973 436 ex
996 396 1054 455 quo

210 459 357 539 Tempore
380 460 527 520 cervinam
550 459 656 540 pellem
680 460 794 521 latravit
815 461 845 520 in
869 461 943 533 aula,

211 544 313 605 Militat
335 545 366 605 in
389 544 468 605 silvis
491 546 613 606 catulus.
658 545 744 606 Nunc
765 545 872 606 adhibe
894 565 972 625 puro

211 630 334 691 Pectore
357 630 454 702 verba,
477 648 562 709 puer,
586 648 667 690 nunc
690 639 718 690 te
741 630 913 692 melioribus
936 632 1025 693 offer:

210 714 275 785 Quo
298 715 388 776 semel
411 724 456 776 est
477 714 589 775 imbuta
611 733 716 776 recens
738 715 865 776 servabit
887 717 1010 777 odorem

124 810 137 829 '
210 799 294 861 Testa
318 800 377 859 diu.
422 799 533 870 Quodsi
556 818 654 861 cessas
675 809 726 860 aut
747 809 886 862 strenuus
909 802 1015 874 ahteis,

210 885 269 945 Nec
292 886 405 945 tardum
429 886 570 964 opperior
593 904 647 945 nec
671 885 918 963 praecedentibus
940 887 1030 959 insto.

585 1057 736 1069 --.--

638 1189 679 1250 111

209 1310 265 1370 luli
288 1309 385 1382 Flore,
410 1308 517 1387 quibus
539 1318 684 1368 terrarum
707 1308 811 1368 militet
833 1308 893 1368 oris

210 1395 347 1456 Claudius
369 1393 492 1471 Augusti
515 1394 677 1473 privignus,
699 1393 774 1454 scire
797 1392 908 1454 laboro.

209 1480 363 1541 Thracane
385 1498 437 1540 vos
461 1477 636 1557 Hebrusque
659 1479 746 1538 nivali
769 1477 911 1556 compede
934 1480 1051 1542 vinctus

209 1571 254 1625 An
278 1566 352 1625 freta
375 1564 486 1625 vicinas
509 1564 587 1625 inter
609 1564 759 1624 currentia
781 1563 871 1624 turris

210 1654 255 1711 An
279 1651 406 1729 pingues
427 1649 512 1709 Asiae
534 1650 630 1728 campi
653 1649 801 1726 collesque
824 1647 1000 1709 moramur?
1119 1722 1121 1727 Α

209 1734 285 1805 Quid
308 1735 437 1796 studiosa
460 1735 567 1795 cohors
590 1752 714 1813 operum
730 1730 838 1794 struit?
855 1767 867 1777 -
883 1733 941 1794 hoc
959 1752 1079 1813 quoque
1094 1749 1155 1795 curo
1167 1760 1180 1772 ·

209 1820 281 1892 Quis
302 1821 358 1882 sibi
381 1839 429 1881 res
451 1830 547 1898 gestas
569 1820 693 1898 Augusti
715 1818 844 1879 scrihere
866 1816 977 1879 sumit?

210 1905 288 1966 Bella
312 1906 377 1984 quis
399 1914 429 1965 et
451 1923 539 1982 paces
562 1905 684 1984 longum
707 1903 844 1964 dillundit
865 1903 895 1963 in
919 1902 1046 1964 aevum‘l

209 1991 284 2063 Quid
308 1992 403 2051 Titius
426 1990 559 2049 Romana
582 1990 662 2050 hrevi
685 2001 827 2050 venturus
849 1988 879 2048 in
904 2007 966 2062 ora,

211 2076 358 2136 Pindarici
382 2074 472 2134 sontis
495 2074 545 2151 qui
570 2094 629 2134 non
654 2074 795 2153 expalluit
816 2075 948 2146 haustus,

210 2160 352 2221 Fastidire
375 2160 454 2219 lacus
477 2169 505 2217 et
528 2159 604 2219 rivos
627 2178 715 2219 ausus
738 2156 879 2238 apertos?

210 2245 248 2305 Ut
269 2241 365 2304 valet?
389 2252 421 2303 ut
444 2243 578 2303 meminit
600 2242 716 2304 nostri‘l
739 2244 884 2304 fidibusne
908 2243 1021 2304 Latinis

210 2330 368 2390 Thebanos
390 2337 489 2407 aptare
512 2329 615 2389 modos
638 2330 736 2390 studet
758 2329 876 2408 auspice
899 2329 981 2389 Musa

209 2418 255 2475 An
278 2415 387 2493 tragica
411 2415 537 2475 desaevit
559 2424 589 2474 et
610 2415 787 2494 ampullatur
808 2414 837 2473 in
862 2411 945 2474 arte?

210 2500 285 2572 Quid
309 2499 380 2559 mihi
397 2499 498 2560 Celsus
513 2497 592 2575 agit‘l
616 2500 747 2559 monitus
762 2499 947 2576 multumque
964 2500 1137 2570 monendus,

210 2586 339 2646 Privatas
362 2593 395 2644 ut
417 2595 538 2662 quaerat
562 2604 633 2664 opes
657 2596 685 2645 et
708 2596 829 2662 tangere
851 2584 921 2643 vitet

210 2672 326 2749 Scripta
349 2669 499 2730 Palatinus
522 2687 725 2747 quaecumque
748 2669 861 2746 recepit
882 2668 999 2747 Apollo,

210 2757 263 2828 Ne,
285 2756 310 2816 si
332 2756 409 2815 lorte
431 2773 499 2815 suas
521 2755 679 2832 repetitum
703 2754 817 2814 venerit
840 2753 909 2813 olim

212 2841 287 2900 Grex
311 2841 405 2900 avium
429 2839 554 2918 plumas,
578 2848 692 2900 moveat
714 2838 865 2900 cornicula
889 2839 981 2898 risum

211 2925 337 2986 Furtivis
361 2925 467 2984 nudata
492 2924 650 2985 coloribus.
695 2924 762 3003 lpse
784 2923 853 3001 quid
877 2920 988 2983 audes?

211 3010 292 3081 Quae
315 3009 530 3070 circumvolitas
551 3010 634 3086 agilis
657 3006 776 3088 thyma‘l
802 3028 862 3068 non
886 3008 939 3068 tibi
961 3026 1083 3087 parvum

211 3095 378 3173 Ingenium,
403 3113 465 3153 uon
488 3094 632 3154 incultum
656 3105 701 3154 est
722 3104 752 3154 et
772 3094 898 3172 turpiter
921 3093 1048 3166 hirtum3

211 3180 271 3240 Seu
292 3180 424 3258 lingnam
447 3180 543 3240 causis
566 3180 645 3240 acuis
668 3199 719 3240 seu
744 3179 833 3239 civica
855 3179 919 3239 iura

212 3266 404 3342 Respondere
426 3283 513 3342 paras
535 3260 586 3325 se'u
611 3265 714 3325 condis
737 3264 860 3324 amabile
883 3281 1013 3334 carmen,

211 3350 307 3409 Prima
331 3352 407 3410 leres
430 3350 554 3410 hederae
578 3350 704 3410 victricis
726 3349 864 3429 praemia.
910 3349 1021 3420 Quodsi

210 3434 326 3514 Frigida
345 3435 488 3495 ‘curarum
510 3437 639 3496 fomenta
662 3435 831 3513 relinquere
853 3453 967 3513 posses,

125 3587 328 3596 ᾖ

210 3686 229 3737 ll
246 3704 271 3742 v.
291 3690 323 3740 65
343 3691 402 3754 qua]
420 3689 467 3750 (elz
486 3702 561 3754 quam
577 3689 581 3749 1
598 3690 630 3740 66
648 3687 769 3739 laceravit
787 3688 823 3751 (o)

210 3754 240 3806 lll
257 3773 282 3808 o.
301 3758 317 3807 4
336 3760 415 3806 terras
426 3756 464 3806 Bu
476 3756 511 3818 (o)
527 3758 531 3820 Ι
547 3758 562 3808 9
575 3754 659 3815 Quid?
678 3755 907 3821 Titius-apertos,
918 3751 1076 3804 Ribbeclo'm
1088 3754 1193 3802 auctore

126 3823 240 3889 licionio,
258 3824 290 3875 do
309 3840 360 3890 quo
378 3838 432 3873 non
450 3825 517 3872 sotis
535 3829 662 3874 accurate
679 3826 708 3874 io
726 3825 787 3875 adn.
807 3820 892 3884 refert
912 3826 916 3886 Ι
939 3825 968 3874 10
988 3836 1049 3872 num
1066 3807 1193 3871 ‘hanstn’l

125 3891 220 3957 Porpb.
237 3896 240 3956 Ι
257 3894 289 3943 22
309 3894 343 3955 et]
362 3907 409 3942 nec
426 3893 461 3954 (vl
