2640 4372
470 190 661 244 SdTleRUlll
678 192 688 242 l
706 196 731 246 3.

148 366 183 424 Aa
204 383 260 424 nos
282 363 404 423 virtutes
426 364 505 442 ipsas
527 364 701 424 invertimus
723 374 810 442 atque
1106 381 1134 428 55

148 447 301 509 Sincerum
325 447 461 525 cupimus
482 466 532 508 vas
555 448 731 508 incrustare.
775 448 891 509 Probus
913 450 979 528 quis

146 531 304 595 Nobiscum
327 531 403 605 vivit,
427 533 551 593 multum
575 533 719 593 demissus
742 533 846 593 bomo:
871 534 911 594 illi

144 617 241 679 Tardo
264 635 441 696 cognomen,
464 617 568 696 pingui
591 617 710 689 damus;
732 618 780 677 bio
804 620 877 695 lugit
900 621 996 681 omnis

143 701 265 764 lusidias
289 702 420 780 nullique
445 702 519 761 malo
542 701 619 762 latus
642 700 725 761 obdit
747 713 895 781 apertum:

142 786 213 849 Cum
237 805 334 867 genus
355 786 412 846 hoc
435 787 514 846 intor
534 788 609 847 vitae
631 805 792 858 versemur,
816 788 866 847 ubi
890 789 966 849 acris
1104 802 1133 852 60

143 871 250 938 Invidia
273 881 362 950 atque
384 871 484 948 vigent
506 870 557 931 ubi
581 872 715 944 crimina,
738 891 793 951 pro
816 873 892 932 benc
916 890 989 934 sano

142 959 181 1016 Ao
204 975 266 1017 non
291 957 410 1016 incauto
434 957 534 1016 suctum
557 965 745 1034 astutumque
768 974 922 1029 vocamus;

143 1040 312 1120 Simplicior
334 1040 399 1119 (puis
423 1049 452 1100 et
474 1048 528 1113 est,
553 1041 669 1119 qualem
693 1060 740 1101 me
763 1061 851 1121 saepe
875 1041 1001 1103 libenter

144 1125 306 1187 Obtulerim
329 1124 392 1197 tibi,
416 1125 579 1197 Maecenas,
603 1135 635 1185 ut
658 1128 733 1186 lorte
756 1127 902 1205 legentem

142 1213 199 1271 dut
220 1210 343 1272 tacitum
365 1210 496 1290 impellat
518 1211 621 1287 quovis
643 1229 797 1272 sermone:
817 1207 980 1283 ‘molestus
1104 1225 1132 1273 65

143 1295 297 1357 Communi
320 1313 409 1356 sensu
434 1295 519 1373 plane
543 1290 637 1355 caret’
662 1296 822 1374 inquimus.
868 1296 961 1366 Eheu,

143 1379 235 1450 Quam
259 1388 371 1441 temere
393 1379 423 1439 in
448 1388 565 1439 nosmet
588 1380 682 1456 legem
703 1383 851 1441 sancimus
875 1381 1020 1459 iniquaml

141 1464 212 1525 Nam
235 1465 312 1526 vitiis
334 1483 421 1525 nemo
444 1465 508 1524 sine
532 1465 673 1536 nascitur,
697 1467 826 1545 optimus
848 1467 896 1526 ille
918 1477 973 1539 est,

142 1549 197 1620 Qui
219 1549 351 1611 minimis
374 1558 506 1628 urgetur.
552 1549 671 1609 Amicus
694 1551 797 1622 dulcis,
820 1562 853 1611 ut
875 1570 1001 1629 aequum
1025 1564 1077 1623 est,

142 1632 213 1695 Cum
236 1652 300 1695 mea
323 1643 496 1712 compenset
518 1633 594 1694 vitiis
616 1634 705 1708 bona,
728 1636 863 1714 pluribus
885 1637 977 1708 bisce,
1102 1648 1131 1697 uo

143 1719 170 1779 si
192 1719 282 1779 modo
304 1718 390 1797 plura
413 1719 484 1778 mibi
507 1717 585 1777 bona
609 1730 688 1791 sunt,
711 1720 843 1791 inclinet,
866 1722 956 1780 amari

142 1803 170 1864 Si
192 1805 285 1876 volet;
308 1803 364 1863 hac
386 1803 450 1880 lege
473 1803 502 1862 iu
527 1804 637 1863 trutina
659 1815 788 1882 ponetur·
811 1804 921 1864 eadem.

143 1888 208 1962 Qui,
232 1907 270 1949 ne
293 1886 447 1948 tuberibus
470 1889 599 1966 propriis
623 1890 753 1950 ollendat
775 1890 912 1959 amioum,

142 1971 281 2043 Postulat,
304 1972 438 2051 ignoscet
460 1974 591 2033 verrucis
614 1973 706 2048 illius;
730 1993 857 2052 aequum
881 1984 925 2034 est

141 2056 270 2120 Peccatis
292 2056 406 2118 veniam
432 2067 603 2136 poscentem
626 2059 748 2119 reddere
771 2078 882 2124 rursus.
1102 2070 1130 2118 ‘u

141 2141 284 2222 lienique,
308 2151 455 2220 quatenus
477 2143 571 2203 excidi
594 2145 713 2221 penitus
735 2145 835 2204 vitium
860 2145 930 2216 irae,

142 2226 243 2288 Cetera
266 2227 336 2287 item
359 2236 515 2304 nequeunt
536 2228 632 2289 stultis
654 2229 815 2302 haerentia,
839 2248 892 2289 cur
915 2248 975 2288 non

141 2310 327 2372 Ponderibus
349 2311 534 2390 modulisque
557 2314 617 2373 suis
641 2316 713 2374 ratio
737 2315 830 2375 utitur
852 2333 884 2373 ao
907 2332 955 2373 res

141 2395 178 2456 llt
200 2413 334 2474 quaeque
357 2405 410 2469 est,
433 2396 472 2456 ita
496 2397 648 2476 suppliciis
670 2398 774 2458 delicta
799 2395 935 2458 coercet?

142 2481 239 2559 Siquis
261 2498 327 2541 eum
350 2499 477 2553 servum,
502 2483 630 2560 patinam
655 2483 705 2560 qui
729 2483 831 2542 tollere
854 2483 950 2542 iussus
1102 2493 1131 2542 80

142 2564 277 2627 Semesos
301 2565 390 2643 piscis
411 2566 603 2644 tepidumque
625 2567 786 2642 ligurrierit
808 2566 862 2636 ius,

142 2649 174 2710 ln
197 2668 287 2710 cruce
309 2651 436 2728 suffigat,
458 2651 598 2710 Labeone
620 2651 753 2711 insanior
774 2650 853 2710 inter

142 2735 236 2796 Sanos
258 2734 381 2795 dicatur.
426 2734 543 2805 Quanto
567 2736 623 2795 boc
647 2736 785 2796 furiosius
806 2745 893 2812 atque

141 2819 232 2880 llaius
255 2829 410 2898 peccatum
432 2829 490 2880 est:
515 2820 645 2897 paullum
668 2820 792 2898 deliquit
812 2819 935 2890 amicus,

140 2903 227 2975 Quod
251 2904 307 2965 uisi
330 2905 485 2975 concedas,
507 2905 633 2965 habeare
657 2905 798 2965 insuavis:
822 2903 947 2964 acerbus
1098 2913 1129 2963 85

142 2987 235 3050 Odisti
258 2997 287 3049 et
309 2990 386 3068 iugis
410 2999 442 3050 ut
464 2989 615 3049 Rusonem
638 2989 755 3050 debitor
777 2991 862 3062 aeris,

140 3072 198 3144 Qui
221 3073 287 3147 nisi,
311 3092 378 3134 cum
401 3075 499 3135 tristes
522 3075 630 3135 misero
652 3094 759 3135 venere
782 3074 939 3146 Kalendae,
1065 3142 1068 3147 ¹

139 3158 305 3218 Mercedem
328 3168 380 3219 aut
402 3177 539 3219 nummos
561 3158 642 3220 unde
665 3161 744 3220 unde
766 3161 897 3233 extricat,
920 3175 1033 3218 amaras

96 3327 257 3336 ————-

139 3391 170 3444 lll
187 3409 216 3450 o,
231 3395 308 3458 blsq.
334 3397 406 3442 recto
433 3393 560 3443 distinavit
585 3394 613 3445 V
628 3393 662 3453 ef.
682 3394 768 3444 Herm.
789 3395 953 3458 17,2·11sq.:
981 3392 1067 3442 bomo.
1086 3390 1127 3441 llli

96 3459 139 3511 rdo
158 3474 302 3525 cognomen
320 3459 408 3526 pingui
427 3465 453 3509 et
470 3460 547 3510 homo
566 3461 617 3512 ille.
631 3463 661 3523 (s.
674 3465 692 3523 ,)
704 3459 787 3512 Tardo
800 3476 941 3526 cognomen
960 3459 1048 3524 pingui
1067 3458 1104 3508 ol.
1122 3455 1128 3526 Ι

96 3530 153 3580 211⁰
179 3528 184 3594 Ι
208 3530 241 3580 60
259 3529 401 3593 versemur]
420 3529 469 3579 Bfl:
488 3535 605 3580 uersetor
631 3530 635 3593 Ι
663 3531 695 3581 63
718 3527 824 3579 licenter
842 3530 1038 3588 Praedioooius,
1058 3527 1129 3575 Hor·

96 3599 139 3648 ius
157 3598 229 3648 onai.
248 3595 312 3647 Hor.
328 3613 355 3662 p.
374 3598 467 3661 3'lsqq.
495 3599 499 3662 Ι
527 3599 558 3648 65
587 3612 716 3648 sermone:
738 3597 863 3647 molestus
886 3595 1003 3659 (uir-gulo
1020 3596 1083 3656 om.)
1102 3597 1129 3642 at

96 3679 172 3717 mone
194 3663 331 3715 molestus:
359 3664 393 3714 al.
421 3666 425 3729 Ι
453 3667 485 3715 70
502 3680 567 3714 num
586 3668 734 3729 compensat
752 3667 764 3712 ἲ
781 3664 834 3714 ΑΚ
851 3668 876 3712 et
893 3666 933 3712 sie
951 3661 990 3711 ,lis
1013 3662 1017 3724 Ι
1042 3663 1073 3713 71
1087 3676 1126 3724 sq.

96 3733 156 3785 mari
175 3733 278 3796 (Amare
295 3731 470 3796 doeringius)
492 3733 512 3782 si
532 3733 603 3783 volet
621 3733 668 3784 bac
686 3733 758 3797 lege,
785 3732 810 3781 in
829 3733 923 3795 Porplr.
942 3730 1126 3791 (Bomagiros,

98 3802 209 3866 ervigius
231 3800 291 3850 ado.
318 3799 478 3861 ortelius)
504 3798 510 3866 Ι
537 3803 571 3851 74
589 3801 704 3866 ignoscat
721 3799 724 3865 Ι
741 3801 792 3861 [85]
811 3799 851 3848 Mo
877 3802 880 3857 l
909 3801 983 3861 Sbsq.
1002 3795 1125 3859 insuavis,

98 3869 175 3921 rbus:
195 3866 277 3919 Odisti
295 3867 338 3932 al,
357 3873 386 3918 ot
403 3864 438 3927 of.
458 3867 541 3918 Hontl.

889 3951 920 3999 9*
