2640 4372
404 205 633 259 uersuumnnu
652 207 661 259 r
681 211 721 260 ro.
743 211 782 260 u.
1064 205 1123 266 197
1148 199 1151 204 ’

142 379 250 440 Purior
271 379 301 439 in
324 378 395 439 vicis
418 396 492 457 aqua
514 378 609 439 tendit
630 397 770 460 rumpere
791 379 945 459 plumbum
1099 391 1126 441 ab

143 463 239 536 Quam
262 481 337 542 quae
358 481 412 542 per
433 482 562 542 pronum
584 464 711 543 trepidat
732 483 800 525 cum
823 483 975 526 murmure
997 463 1111 526 rivum‘l

143 547 256 628 Nempe
278 549 356 609 iuter
377 548 470 609 varias
493 549 624 610 nutritur
646 548 716 610 silva
739 549 900 622 columnas,

142 633 350 712 Laudaturque
373 633 488 707 domus,
511 635 618 713 longos
641 653 716 713 quae
737 636 882 714 prospicit
903 653 999 715 agros.

140 718 280 780 Naturam
303 719 431 798 expelles
452 720 544 792 lurca,
567 728 664 779 tamen
690 737 783 797 usque
805 730 940 782 recurret

141 803 178 864 Et
199 804 273 865 mala
295 813 468 882 perrumpet
490 804 590 864 furtim
613 805 725 865 fastidia
747 805 860 865 victrix.
885 840 922 850 —
1098 815 1127 865 25

142 889 209 950 Non
233 889 283 968 qui
306 888 429 949 Sidonio
453 890 633 950 contendere
656 889 777 950 callidus
799 899 879 951 ostro

142 973 242 1035 Nescit
263 973 440 1052 Aquinatem
464 975 594 1053 potantia
618 974 723 1035 vellera
745 975 846 1035 lucum

143 1057 257 1121 Certius
280 1059 405 1139 accipiet
427 1059 567 1120 damnum
591 1059 749 1139 propiusve
771 1060 907 1121 medullis

119 1143 236 1214 'Quam
260 1144 311 1222 qui
333 1163 394 1204 non
418 1145 528 1223 poterit
549 1162 618 1205 vero
640 1145 822 1224 distinguere
846 1145 959 1206 falsum.

142 1228 237 1301 Quem
259 1247 308 1290 res
330 1230 396 1308 plus
419 1229 510 1289 nimio
534 1229 714 1290 delectavere
735 1229 892 1303 secundae,
1099 1238 1128 1288 td

142 1313 270 1375 Mutatae
293 1314 437 1392 quatient.
481 1314 583 1392 Siquid
606 1313 762 1386 mirabere,
786 1334 881 1394 pones

141 1399 262 1460 lnvitus,
308 1398 388 1476 Fuge
409 1416 533 1478 magna3
556 1399 623 1459 licet
645 1399 700 1460 sub
723 1417 855 1479 paupere
876 1408 955 1460 tecto

143 1484 239 1563 Reges
261 1493 291 1545 et
312 1502 415 1562 regum
438 1484 496 1544 vita
517 1502 711 1563 praecurrere
733 1485 851 1546 amicos.
874 1519 916 1530 —

142 1569 252 1630 Cervus
274 1586 383 1647 equum
405 1587 506 1649 pugna
529 1569 633 1630 melior
656 1570 864 1631 communibus
887 1570 987 1631 herbis

141 1652 282 1728 Pellebat,
305 1654 401 1714 donec
423 1655 523 1714 minor
543 1655 574 1715 in
598 1655 760 1716 certamine
782 1655 873 1734 longo
1099 1661 1128 1712 35

142 1739 313 1818 lmpluravit
336 1758 408 1819 opes
430 1739 559 1800 hominis
580 1740 759 1818 frenumque
782 1740 909 1819 recepit;

142 1824 199 1885 Sed
221 1833 378 1904 postquam
401 1824 495 1885 victor
516 1824 629 1886 violens
651 1824 786 1886 discessit
808 1825 844 1885 ab
867 1826 961 1897 hoste,

140 1909 208 1970 Non
232 1910 361 1988 equitem
384 1909 484 1983 dorso,
508 1928 570 1970 uon
593 1911 712 1970 lrenum
735 1910 848 1990 depulit
870 1928 931 1971 ore.

144 1993 193 2055 Sic
216 1996 266 2074 qui
289 1994 462 2074 pauperiem
486 1995 595 2056 veritus
617 1995 733 2074 potiore
756 1996 882 2056 metallis

141 2078 290 2140 Libertate
313 2090 403 2155 caret,
426 2080 578 2141 dominum
601 2080 863 2162 vehet-improbus
886 2088 973 2159 atque
1100 2087 1130 2136 40

141 2164 255 2225 Serviat
276 2173 441 2239 aeternum,
464 2166 532 2244 quia
554 2184 644 2246 parvo
668 2167 780 2227 nesciet
802 2168 853 2228 uti.

143 2249 195 2310 Cui
219 2269 280 2310 non
304 2251 461 2311 conveniet
483 2270 535 2312 sua
558 2270 614 2324 res,
638 2260 671 2311 ut
693 2252 809 2313 calceus
831 2252 910 2324 olim,

142 2334 173 2394 Si
195 2335 271 2414 pede
294 2336 474 2407 maiorem,
497 2335 656 2406 subvertet,
680 2337 704 2396 si
727 2337 833 2409 minor,
857 2345 932 2396 uret.
954 2368 996 2380 -

143 2418 251 2481 Laetus
272 2430 352 2481 sorte
375 2430 423 2480 tua
446 2421 524 2481 vives
545 2421 706 2498 sapienter,
728 2421 827 2493 Aristi,

140 2502 203 2564 Nec
224 2523 271 2565 me
294 2505 421 2565 dimittes
444 2504 660 2582 incastigatum
684 2504 734 2564 ubi
756 2505 841 2583 plura

142 2585 254 2668 Cogere
277 2608 364 2667 quam
387 2590 457 2650 satis
481 2596 525 2650 est
547 2607 581 2649 ac
605 2608 664 2648 non
688 2607 802 2649 cessare
824 2587 955 2651 videbor.

144 2673 273 2754 imperat
295 2683 346 2734 aut
367 2675 458 2735 servit
478 2673 601 2735 collecta
623 2674 750 2753 pecunia
774 2672 890 2751 cuique,

143 2758 267 2820 Tortum
289 2759 377 2837 digna
399 2759 483 2838 sequi
506 2760 604 2838 potius
626 2777 714 2838 quam
738 2760 848 2819 ducere
869 2759 981 2819 funem.
1004 2793 1046 2802 —

144 2843 224 2904 Haec
246 2845 299 2905 tibi
322 2844 467 2905 dictabam
491 2852 559 2924 post
580 2846 682 2906 lanum
707 2853 792 2924 putre
815 2844 962 2917 Vacunae,

143 2927 275 3008 Excepto
299 2930 377 3008 quod
401 2950 462 2991 non
485 2930 572 2991 simul
595 2949 673 2991 esses
696 2939 793 2991 cetera
815 2928 918 2990 laetus.
1101 2936 1130 2986 50

577 3233 616 3294 xl

147 3349 226 3421 Quid
247 3350 301 3411 tibi
323 3351 382 3411 visa
406 3351 502 3425 Chios,
527 3350 642 3419 Bullati,
665 3358 795 3429 notaque
818 3347 951 3412 Lesbos?

144 3433 222 3505 Quid
244 3435 392 3497 concinna
416 3434 541 3497 Samos?
564 3435 635 3514 quid
658 3435 757 3497 Croesi
780 3436 860 3514 regia
882 3433 1004 3497 Sardis?

142 3618 165 3669 x
183 3635 207 3670 o.
226 3621 259 3671 24
278 3624 375 3682 natura,
394 3620 508 3686 expellas
526 3621 586 3670 H-l’
600 3635 693 3670 mucan.
712 3635 738 3670 n.
756 3637 778 3672 e.
795 3623 835 3684 14,
852 3623 902 3673 309
917 3618 921 3683 Ι
937 3617 1051 3685 expellas
1068 3619 1104 3681 (a)
1125 3616 1128 3683 Ι

113 3685 227 3750 fastidia]
245 3690 290 3752 (op
312 3686 414 3752 fastigia
433 3704 448 3738 v
467 3688 575 3754 uestigia
593 3688 628 3738 13⁰
640 3689 674 3751 (a)
690 3687 695 3755 Ι
711 3689 742 3739 37
760 3687 861 3740 uiolens
878 3687 960 3738 uictor
977 3687 1012 3752 (o)
1029 3686 1131 3737 violens

97 3763 128 3806 :to
142 3754 227 3806 Bentl.
247 3756 316 3811 viclo
328 3754 414 3807 ridens
426 3755 468 3804 11²
480 3761 506 3805 et
523 3773 566 3822 ap.
584 3755 760 3806 Melnelcium²
772 3772 800 3821 p.
819 3753 921 3807 xxxv}
939 3752 976 3814 ef.
996 3770 1084 3820 opusc.
1101 3751 1132 3803 lll

103 3840 151 3890 sq,
170 3826 200 3873 at
216 3839 240 3875 u.
260 3824 288 3875 V
295 3824 352 3875 ind.
372 3823 430 3875 lect.
447 3824 535 3876 llerol.
549 3829 615 3877 aest.
628 3843 653 3877 a.
670 3826 733 3877 1886
750 3840 776 3890 p.
790 3826 872 3890 lleqq.
885 3823 945 3874 coll.
956 3823 991 3875 A.
1002 3820 1132 3888 Zingerle

100 3892 173 3942 idias
190 3895 239 3944 ele.
258 3891 289 3943 lll
306 3892 414 3958 (Oenop.
434 3894 509 3958 1871)
522 3909 552 3960 p.
570 3895 602 3946 25
618 3894 622 3962 Ι
638 3896 671 3945 lo
688 3893 759 3945 uehit
776 3893 811 3957 (o)
827 3895 831 3957 Ι
847 3895 879 3945 41
898 3891 996 3944 nesciat
1011 3893 1047 3958 (o)
