2640 4372
525 207 656 261 EPODON
678 209 716 261 12.
737 212 776 261 ta.

633 379 685 440 ΧΙΙ

207 496 281 569 Ouid
304 497 357 557 tibi
379 498 429 570 uis,
453 497 559 558 mulier
581 498 674 577 nigris
695 498 866 575 dignissima
889 499 1005 561 barris?

270 582 395 643 Munera
417 583 487 661 quid
510 583 581 643 mihi
603 582 710 661 quidve
733 582 853 644 tabellas

205 666 292 730 ttittis
315 684 370 728 nec
393 668 479 728 firmo
502 668 600 729 iuveni
625 686 679 727 nec
703 669 782 728 naris
805 667 934 729 obesae?

271 753 404 831 Namque
427 754 560 832 sagacius
584 771 661 813 unus
683 752 802 827 odoror,

204 839 330 919 Polypus
352 856 389 898 an
412 838 508 917 gravis
530 838 651 898 hirsutis
674 837 762 897 cubet
783 838 883 898 hircus
905 841 936 901 in
960 840 1021 913 alis,
1135 851 1150 899 5

270 923 364 994 Quam
386 923 468 983 canis
490 941 558 983 acer
581 921 630 982 ubi
654 923 742 982 lateat
763 941 822 982 sus.

204 1009 261 1080 Qui
283 1008 374 1069 sudor
395 1009 478 1068 vietis
500 1017 529 1067 et
551 1025 639 1085 quam
662 1008 756 1067 malus
779 1007 910 1087 undique
934 1009 1075 1072 memhris

271 1092 382 1154 Crescit
404 1093 486 1165 odor,
509 1111 576 1153 cum
600 1111 677 1171 pene
699 1093 796 1153 soluto

204 1178 379 1240 indomitam
403 1187 545 1257 properat
567 1177 678 1237 rabiem
701 1178 803 1237 sedare
827 1197 924 1256 neque
947 1179 988 1240 itti

270 1263 332 1324 lam
354 1272 452 1323 manet
475 1262 572 1323 umida
596 1273 676 1323 creta
699 1262 841 1341 colorque
1124 1275 1150 1325 to

204 1348 342 1410 Stercore
364 1349 480 1409 fucatus
502 1347 643 1408 crocoditi
666 1348 782 1426 iamque
804 1347 940 1409 subando

270 1434 365 1494 Teuta
387 1432 495 1493 cubilia
517 1441 653 1510 tectaque
677 1434 803 1510 rumpit;

203 1519 256 1580 Vel
278 1537 342 1579 mea
364 1537 431 1578 cum
455 1519 547 1579 saeris
570 1517 659 1595 agitat
682 1517 792 1577 t'astidia
816 1517 928 1578 verbis:

268 1598 401 1664 ‘Inachia
424 1604 547 1682 langues
569 1603 667 1662 minus
690 1620 723 1660 ac
745 1620 801 1671 me,

204 1687 354 1749 Inachiam
376 1699 421 1748 ter
444 1697 530 1748 nocte
553 1696 647 1765 potes,
671 1687 741 1745 mibi
764 1705 881 1766 semper
902 1687 938 1746 ad
962 1707 1053 1749 unum
1123 1698 1150 1748 15

271 1772 367 1833 Mollis
390 1774 481 1852 opusi
506 1783 607 1851 pereat
629 1772 712 1843 male,
737 1790 811 1849 quae
834 1781 862 1831 te

205 1857 308 1920 Lesbia
332 1858 485 1937 quaerenti
509 1868 625 1918 taurum
651 1856 823 1916 monstravit
845 1856 980 1931 inertem,

272 1943 344 2003 Cum
369 1943 439 2003 mihi
463 1942 540 2003 Cous
562 1943 675 2002 adesset
698 1942 846 2021 Amyntae,

204 2027 294 2089 Cuius
317 2029 347 2088 in
370 2027 514 2088 indomito
538 2027 722 2087 constantior
745 2027 866 2105 inguine
891 2046 998 2089 nervus

272 2114 365 2183 Quam
391 2132 464 2173 nova
487 2111 611 2173 collibus
634 2110 724 2171 arhor
746 2112 888 2172 inhaeret.
1123 2124 1153 2173 tu

206 2196 367 2259 iduricibus
388 2198 484 2278 Tyriis
507 2198 626 2257 iteratae
648 2197 754 2257 vellera
777 2198 860 2259 lanae

273 2282 326 2344 Cui
347 2280 606 2362 properabantur‘?
630 2282 683 2342 tihi
709 2301 823 2362 nempe,

205 2367 247 2428 Ne
270 2368 347 2428 foret
368 2369 498 2446 aequalis
520 2369 598 2428 inter
621 2368 751 2438 conviva,
775 2367 867 2445 magis
890 2385 977 2445 quem

273 2451 414 2532 Diligeret
436 2453 542 2513 mulier
563 2471 615 2513 sua
639 2470 726 2529 quam
749 2460 787 2510 te.

207 2537 232 2599 0
255 2555 310 2616 ego
333 2557 394 2598 non
418 2538 496 2608 felir,
519 2556 607 2615 quam
631 2545 662 2595 tu
685 2535 771 2613 iugis,
795 2545 826 2594 ut
849 2541 935 2613 pavet
957 2533 1031 2593 acris
1125 2546 1153 2594 25

273 2625 357 2702 Agna
380 2623 466 2701 lupos
489 2639 671 2701 capreaeque
693 2611 823 2679 leonest'

581 2773 732 2784 ...—

624 2873 692 2933 Xlll

205 2993 330 3056 Horrida
355 3005 512 3073 tempestas
534 2997 646 3058 caelum
670 2995 816 3056 contraxit
838 3002 867 3053 et
889 2991 997 3052 imbres

273 3079 419 3159 Nivesque
442 3082 592 3140 deducunt
615 3083 726 3154 lovern;
751 3098 832 3139 nuuc
854 3096 943 3152 mare,
967 3095 1048 3139 nunc
1070 3078 1162 3140 siluae

205 3163 342 3225 Threicio
365 3165 511 3244 Aquilone
534 3177 655 3228 sonant:
679 3165 835 3244 rapiamus,
858 3164 961 3234 amice,

276 3249 469 3311 Occasionem
493 3251 529 3310 de
551 3251 608 3325 die,
632 3251 761 3329 dumque
784 3249 880 3308 virent
902 3266 999 3327 genua

206 3334 244 3395 Et
265 3335 360 3405 decet,
385 3335 510 3395 obducta
533 3336 661 3397 solvatur
683 3337 782 3395 fronte
805 3344 952 3395 senectus.
1139 3345 1153 3392 5

273 3420 320 3481 Tu
342 3420 407 3480 vina
431 3420 581 3499 Torquato
606 3440 687 3481 move
711 3419 833 3480 consule
855 3438 957 3498 pressa
978 3435 1054 3489 meo,

191 3674 253 3741 'xit
271 3706 294 3742 u.
315 3692 330 3741 2
348 3690 539 3756 cnr..quidue
558 3707 572 3740 u
591 3684 1194 3756 cnr..curue(v)'bcfiVind.1ect.Bea-ol.

121 3763 185 3809 nost.
204 3775 230 3809 a.
250 3760 317 3812 1888
338 3774 365 3810 n.
384 3761 399 3810 4
418 3759 438 3822 ')
454 3763 458 3822 Ι
474 3760 506 3810 22
525 3758 728 3826 properabuntur
743 3755 747 3823 Ι
763 3759 795 3808 25
815 3756 904 3806 infelix
920 3758 924 3816 Ι
940 3768 1016 3820 quem

89 3908 92 3913 Ι
123 3824 261 3959 mnemipnip
282 3831 341 3880 v.3
366 3827 472 3891 ,antice‚]
497 3826 596 3877 Boutta
623 3825 697 3877 amici
724 3824 803 3883 (molo
830 3839 890 3874 cum
918 3823 1045 3888 rapiamus
1071 3835 1106 3871 sc.
1135 3836 1195 3872 con·

960 3975 992 4026 8*
