2640 4372
459 198 688 252 EPISTULARUM
705 201 715 253 Ι
733 205 773 254 16.

581 372 645 433 XVl

164 487 206 550 Ne
229 489 423 569 perconteris,
447 490 557 550 fundus
580 508 673 565 meus,
697 491 807 569 optime
830 491 962 565 Quincti,

164 577 239 636 ilino
263 582 364 655 pascat
385 592 468 634 erum
492 593 528 634 an
555 574 633 636 bacis
656 576 810 654 opulentet
832 577 932 652 olivae,

163 660 301 721 Pomisne
324 669 353 718 et
374 660 466 738 pratis
489 678 526 720 an
549 661 652 721 amicta
675 661 784 721 vitibus
806 662 896 735 ulmo,

164 744 317 807 Scribetur
338 743 391 805 tibi
414 746 508 805 forma
532 745 695 823 loquaciter
717 755 746 806 et
767 745 841 807 situs
863 748 936 826 agri.

163 830 304 892 Continui
327 838 453 900 montes,
478 831 507 890 ni
530 830 728 891 dissocientur
751 850 843 911 opaca
1136 847 1151 897 5

162 915 250 988 Valle,
274 913 324 976 sed
348 925 382 975 ut
402 914 524 975 veniens
546 916 681 977 dextrum
704 916 780 977 latus
802 917 944 997 adspiciat
965 919 1019 993 sol,

162 1001 289 1062 Laevum
311 999 466 1061 discedens
489 1018 577 1060 curru
600 1001 731 1080 fugiente
752 1012 884 1081 vaporet.

162 1085 348 1165 Temperiem
372 1085 481 1147 laudes.
527 1085 614 1160 Quid,
637 1087 661 1146 si
684 1086 850 1148 rubicunda
872 1088 996 1168 benigni

162 1170 258 1232 Corna
280 1188 385 1249 vepres
408 1179 437 1230 et
459 1189 554 1248 pruna
578 1169 697 1232 ferant?
719 1173 743 1233 si
767 1191 912 1252 quaereus
935 1182 964 1234 ct
986 1173 1042 1234 ilex

161 1255 251 1318 Multa
274 1256 359 1333 fruge
381 1273 483 1334 pocus,
506 1256 596 1316 multa
620 1257 773 1318 dominum
797 1258 875 1319 iuvet
895 1257 1022 1319 umbra?
1122 1270 1151 1322 td

161 1342 246 1403 Dicas
269 1341 428 1401 adductum
450 1341 574 1420 propius
597 1342 736 1403 frondere
759 1342 930 1404 Tarentum.

161 1426 242 1487 Fons
263 1426 350 1486 etiarn
373 1425 435 1485 rivo
458 1425 527 1485 dare
551 1444 660 1487 nomeu
683 1427 818 1501 idoneus,
841 1437 875 1489 ut
898 1447 953 1489 nec

160 1511 308 1592 Frigidior
328 1509 473 1570 Thracam
498 1530 553 1571 nec
574 1511 678 1590 purior
700 1512 808 1572 ambiat
830 1512 956 1587 Hebrus,

160 1597 281 1658 lniirmo
306 1596 393 1675 capiti
416 1596 481 1656 fluit
503 1595 591 1668 utilis,
615 1597 694 1658 utilis
717 1597 789 1657 alvo.

160 1683 222 1743 llac
244 1680 372 1742 latebrae
395 1680 496 1742 dulces
519 1690 557 1754 et,
581 1682 637 1741 iana
660 1683 684 1743 si
708 1683 812 1755 credis,
835 1700 978 1743 amoenae
1123 1693 1150 1743 15

160 1767 341 1828 Incolumem
365 1765 418 1826 tibi
442 1785 488 1827 me
510 1775 664 1845 praestant
685 1766 911 1846 Septembribus
934 1767 1023 1829 horis.
1046 1802 1088 1811 -

159 1852 203 1913 'lu
227 1861 308 1913 recte
329 1851 410 1924 rivis,
434 1852 457 1911 si
481 1869 566 1912 curas
589 1870 652 1912 esse
675 1852 756 1930 quod
778 1852 869 1913 audis.

158 1938 303 1999 lactamus
324 1937 381 1997 iarn
404 1936 519 2016 pridem
543 1937 640 1998 omnis
662 1947 691 1998 te
713 1937 807 1997 Roma
829 1937 959 2010 beatum,

160 2022 218 2084 Sed
240 2040 352 2097 vereor,
377 2040 414 2082 ne
437 2021 484 2082 cui
508 2022 543 2082 de
566 2032 594 2082 te
617 2023 795 2102 plusquam
820 2023 872 2083 tibi
894 2023 1005 2096 credre,

158 2108 236 2169 Neve
259 2117 345 2187 putes
367 2106 456 2167 alium
479 2108 612 2187 sapiente
634 2107 775 2188 bonoque
798 2108 928 2183 beatum,
1121 2118 1150 2168 20

157 2193 231 2266 Neu,
254 2194 279 2253 si
301 2202 330 2253 te
352 2193 481 2272 populus
502 2211 607 2254 sanum
629 2202 770 2273 recteque
792 2195 938 2255 valentem

160 2278 288 2351 Dictitet,
312 2279 460 2339 occultam
483 2278 596 2339 febrem
619 2278 675 2340 sub
698 2289 817 2360 tempus
839 2279 945 2341 edendi

87 2431 91 2437 „
159 2363 341 2436 Dissimules,
364 2364 461 2424 donec
484 2364 621 2425 manibus
644 2373 756 2424 tremor
778 2365 889 2425 incidat
912 2364 1020 2424 unctis.

159 2449 323 2510 Stultorum
347 2448 480 2508 incurata
502 2448 599 2528 pudor
621 2448 716 2509 malus
739 2450 838 2509 ulcera
861 2449 945 2509 celat.
970 2482 1010 2492 -

159 2535 257 2612 Siquis
280 2533 355 2594 bella
377 2531 431 2592 tibi
453 2540 532 2592 terra
554 2542 684 2612 pugnata
708 2534 841 2611 marique
1121 2542 1150 2592 ab

159 2620 243 2681 Dicat
264 2626 294 2679 et
315 2618 361 2678 his
383 2617 480 2678 verbis
501 2635 607 2678 vacuas
629 2618 811 2696 permulceat
833 2618 926 2679 auris:

154 2699 251 2765 ‘Tene
273 2703 366 2781 magis
388 2702 498 2763 salvum
521 2701 650 2783 populus
672 2703 740 2764 velit
762 2721 798 2763 an
822 2703 966 2783 populum
987 2711 1029 2776 tu,

158 2790 261 2850 Servet
283 2789 313 2848 in
337 2787 475 2867 ambiguo
500 2789 549 2866 qui
573 2788 701 2849 consulit
723 2797 752 2848 et
774 2788 828 2848 tibi
850 2797 880 2848 et
901 2788 969 2848 urbi

157 2868 308 2954 luppiter,'
333 2873 456 2952 Augusti
479 2873 580 2934 laudes
602 2891 764 2952 agnoscere
786 2873 898 2953 possis;

159 2959 231 3021 Cum
253 2959 364 3039 pateris
385 2959 504 3038 sapiens
525 2959 757 3037 emendatusque
779 2958 887 3033 vocari,
1119 2967 1149 3016 ab

159 3042 372 3124 Respondesne
395 3053 458 3117 tuo,
482 3044 528 3104 dic
551 3042 646 3116 sodes,
670 3042 815 3105 nomine?
834 3038 962 3124 ‘Nempe

158 3129 210 3190 Vir
232 3128 329 3189 bonus
352 3138 381 3189 et
402 3129 535 3208 prudens
557 3128 614 3189 dici
637 3129 770 3190 delector
792 3147 847 3207 ego
870 3148 903 3190 ac
926 3123 977 3190 tu.³

158 3214 217 3285 Qui
238 3214 319 3274 dedit
340 3214 397 3274 hoc
421 3214 517 3288 hodie,
541 3232 606 3274 cras
628 3213 652 3274 si
675 3214 753 3276 volet
774 3216 896 3287 auferet,
919 3224 952 3276 ut
974 3214 997 3276 si

157 3298 302 3360 Detulerit
323 3300 409 3360 lascis
431 3298 565 3378 indigno,
588 3299 722 3359 detrahet
743 3299 830 3360 idem.

154 3377 259 3456 ‘Pone
282 3401 381 3445 meum
405 3377 466 3456 est,'
492 3385 603 3462 inquit:
627 3404 708 3463 pono
730 3385 882 3464 tristisque
904 3385 1021 3446 recedo.
1119 3393 1147 3441 35

157 3469 248 3545 ldem,
272 3468 296 3530 si
320 3468 426 3529 clamet
448 3470 553 3544 furem,
578 3479 666 3548 neget
689 3488 753 3531 esse
775 3470 927 3550 pudicum,

159 3553 325 3617 Contendat
345 3553 451 3630 laqueo
475 3555 583 3615 collum
607 3554 750 3634 pressisse
772 3564 941 3635 paternum,

158 3639 295 3701 Mordear
317 3637 485 3718 opprobriis
508 3640 587 3702 falsis
609 3649 781 3720 mutemque
803 3637 940 3702 colores?

157 3823 213 3874 lllll
230 3840 256 3877 o.
275 3825 290 3874 3
310 3825 345 3887 et]
364 3837 395 3873 an
411 3819 415 3888 Ι
432 3825 446 3873 5
465 3822 487 3874 si
505 3828 561 3873 tum
580 3827 593 3874 ‘t
612 3827 727 3890 vaporet,
743 3824 747 3890 Ι
764 3828 778 3876 'i
797 3822 956 3877 descendens
968 3823 1002 3887 (v)
1017 3818 1144 3873 decedens

79 3890 157 3943 Bentl.
174 3892 178 3958 Ι
196 3894 228 3944 14
245 3897 321 3957 aptus
338 3895 365 3942 et
383 3889 454 3941 utilis
471 3891 505 3955 (v)
521 3889 525 3958 Ι
541 3893 573 3944 30
592 3892 689 3957 poteris
