2640 4372
223 187 262 245 16
418 240 421 246 ,
565 189 737 242 CthlllNUbl
754 191 764 242 Ι
784 195 824 245 17.
844 194 883 245 18.
905 194 943 244 19.

349 362 403 424 llic
418 363 449 424 in
464 363 586 424 reducta
602 363 673 424 rahe
687 363 836 424 caniculae

347 446 458 509 Vitabis
473 458 571 509 aestus
585 456 613 508 et
629 450 686 509 fide
701 448 769 509 Teia

393 533 479 595 Dices
494 532 654 596 laborantis
668 534 698 594 in
715 552 776 594 uno

276 627 305 678 at
433 618 603 698 Penelopen
619 619 799 697 vitreamque
815 617 938 692 Circen;

349 736 404 798 Hic
418 737 587 798 innocentis
602 737 707 815 pocula
724 736 822 797 Lesbii

348 822 445 883 Duces
460 822 515 883 suh
532 820 634 884 umbra
650 840 705 883 nec
721 821 883 883 Semeleius

393 906 465 968 Cum
482 906 574 967 Marte
589 906 752 968 confundet
767 906 926 987 Thyoneus

437 991 548 1052 Proelia
565 1010 620 1052 nec
635 1001 750 1052 metues
764 1001 934 1070 protervum

276 1120 304 1170 25
347 1110 489 1189 Suspecta
505 1109 622 1189 Cyrum,
640 1128 677 1170 ne
692 1110 767 1170 male
783 1110 891 1189 dispari

347 1194 566 1256 incontinentis
581 1195 682 1255 iniciat
695 1212 802 1256 manus

392 1280 429 1341 m
444 1279 559 1340 scindat
573 1280 743 1340 haerentem
760 1297 902 1340 coronam

436 1363 574 1426 Crinibus
589 1364 815 1444 inmeritamque
829 1374 949 1426 vestem.

707 1618 799 1678 XVlll

345 1738 469 1811 Nullam,
487 1738 569 1810 Vare,
585 1756 668 1798 sacra
684 1737 740 1796 vite
756 1737 838 1816 prins
853 1737 961 1798 severis
976 1737 1111 1798 arborem

346 1823 428 1884 Circa
444 1823 512 1882 mite
528 1823 622 1883 solum
639 1822 757 1882 Tiburis
772 1832 801 1882 et
816 1823 932 1882 moenia
948 1821 1039 1895 Catili,

346 1908 438 1968 Siccis
454 1907 553 1967 omnia
569 1925 637 1967 nam
652 1906 725 1965 dura
741 1906 812 1966 deus
827 1907 982 1985 proposuit
997 1924 1094 1983 neque

344 1992 496 2054 lllordaces
511 1992 595 2052 ahter
610 1991 768 2069 diffugiunt
781 1991 1003 2052 sollicitudines.

288 2086 302 2135 5
345 2078 418 2150 Quis
429 2085 498 2157 post
508 2076 573 2137 vina
586 2094 702 2155 gravem
715 2075 846 2135 militiam
857 2083 907 2135 aut
917 2079 1088 2155 pauperiem
1101 2087 1211 2157 crepat,

346 2160 1211 2240 Quisnontepotius,Bacchepater,teque‚decensVenusl

344 2248 386 2309 Ac
403 2267 440 2308 ne
455 2248 522 2325 quis
537 2245 644 2307 modici
659 2244 805 2305 transiliat
819 2263 943 2306 munera
959 2246 1066 2320 Liberi,

345 2331 507 2394 Centaurea
525 2339 625 2392 monet
639 2349 707 2391 cum
724 2329 854 2409 Lapithis
869 2329 930 2389 rixa
946 2350 1037 2410 super
1051 2351 1132 2393 mero

346 2416 503 2490 Debellata‚
519 2425 619 2477 monet
634 2414 776 2477 Sithoniis
791 2433 852 2475 non
869 2415 938 2476 levis
953 2415 1074 2487 Eubius,

274 2510 302 2560 10
345 2500 418 2563 Cum
433 2504 475 2564 fas
491 2511 579 2581 atque
594 2502 676 2562 nefas
692 2501 797 2578 exiguo
813 2501 872 2560 fine
887 2499 1041 2562 libidinum

346 2588 526 2650 Discernunt
540 2586 622 2647 avidi.
653 2587 718 2647 Non
736 2604 790 2664 ego
806 2594 844 2659 te,
861 2586 983 2646 candide
998 2587 1150 2661 Bassareu,

343 2672 468 2733 invitum
484 2672 612 2751 quatiam
628 2689 683 2731 nec
697 2671 784 2732 variis
798 2671 892 2732 obsita
907 2671 1062 2732 frondibus

344 2758 405 2818 Sub
421 2759 518 2818 divum
533 2757 652 2835 rapiam.
686 2756 776 2815 Saeva
790 2764 859 2815 tene
874 2773 940 2817 cum
956 2756 1132 2838 Berecyntio

345 2842 445 2902 Cornu
460 2854 607 2921 tympana,
624 2857 698 2918 quae
714 2839 904 2917 subsequitur
917 2858 1023 2902 caecus
1037 2859 1120 2902 amor
1134 2841 1179 2902 sni

274 2936 302 2985 15
344 2926 381 2986 Et
396 2927 503 2986 tollens
519 2943 641 2985 vacuum
657 2923 724 3002 plus
740 2923 831 2984 nimio
847 2924 939 3001 gloria
953 2926 1092 2987 verticem

345 3011 512 3088 Arcanique
528 3009 600 3069 fides
616 3008 746 3086 prodiga,
763 3008 941 3088 perlucidior
956 3011 1038 3072 vitro.

676 3164 826 3171 .—

721 3263 786 3324 xlx

345 3380 436 3440 Mater
450 3397 532 3439 saeva
549 3379 727 3459 Cupidinum

390 3464 606 3543 Thebanaeque
621 3466 703 3529 iubet
717 3487 764 3528 me
780 3468 911 3530 Semelae
927 3489 1002 3549 puer

345 3549 383 3610 Et
397 3549 502 3610 lasciva
517 3550 648 3611 Licentia

390 3634 495 3695 Finitis
509 3636 640 3696 animum
656 3639 779 3699 reddere
795 3640 953 3701 amoribus.

215 3771 418 3779 —————

302 3835 376 3888 llVlll
394 3854 418 3890 o.
436 3839 451 3888 5
470 3836 584 3902 increpat
600 3838 635 3903 (a)
658 3843 744 3905 erepet
766 3839 875 3892 Servius
895 3842 933 3892 ad
951 3842 984 3892 A.
1002 3840 1011 3891 l
1030 3842 1078 3895 738
1103 3840 1107 3907 Ι
1132 3845 1145 3893 'l
1170 3845 1196 3891 at
1217 3842 1254 3906 (υ)
1281 3841 1285 3912 Ῑ

218 3907 249 3957 15
263 3905 390 3957 extollens
408 3906 444 3970 (a)
462 3903 584 3956 attollens
602 3906 711 3963 Seruius
728 3907 766 3958 ad
781 3911 814 3962 A.
830 3909 864 3960 lll
882 3912 930 3962 630
949 3912 1009 3974 (633
1027 3910 1073 3972 al.)
