2640 4372
466 191 596 244 Erubuit
617 197 655 247 16.
676 198 714 248 tt.

138 359 195 422 lllic
218 363 346 424 iniussae
368 364 492 423 veniunt
513 365 547 424 ad
570 367 695 426 mulctra
718 368 845 446 capellae

201 447 363 526 Refertque
387 458 465 508 tenta
487 468 558 527 grex
581 452 693 512 amicus
715 451 815 527 ubera,

136 529 195 592 Nec
216 533 401 612 vespertinus
424 535 628 612 circumgemit
651 555 737 598 ursus
760 538 833 598 ovile

200 617 304 697 Neque
326 619 496 680 intumescit
518 621 572 680 alta
597 621 703 698 viperis
725 623 847 696 humus;

136 699 220 763 Nulla
244 713 356 764 nocent
377 704 478 782 pecori
502 707 645 783 contagia,
670 707 778 768 nullius
801 709 869 769 astri

202 787 327 866 Gregem
351 797 484 849 aestuosa
508 798 600 850 torret
622 791 804 869 impotentia.

136 870 281 952 Pluraque
304 873 403 934 felices
426 875 606 948 mirabimur,
631 887 664 936 ut
687 896 782 955 neque
805 877 893 956 largis

202 960 339 1037 Aquosus
361 958 458 1019 Eurus
481 977 545 1020 arva
571 961 651 1020 radat
672 961 816 1022 imbribus

134 1040 257 1122 Pinguia
282 1062 336 1104 nec
359 1044 444 1104 siccis
467 1055 591 1105 urantur
613 1046 726 1107 semina
747 1047 868 1125 glaebis,

203 1129 368 1208 Utrumque
391 1147 459 1207 rege
482 1139 665 1208 temperante
689 1133 834 1192 caelitum.

134 1212 201 1273 Non
224 1213 283 1274 huc
306 1215 404 1292 Argoo
427 1215 581 1275 contendit
603 1218 714 1294 remige
737 1218 825 1296 pinus

203 1298 305 1378 Neque
329 1299 474 1379 impudica
498 1300 613 1361 Colchis
635 1301 735 1362 intulit
756 1304 871 1380 pedem,

135 1383 200 1444 Non
224 1384 282 1446 huc
305 1384 418 1444 Sidonii
440 1392 591 1446 torserunt
613 1405 724 1447 cornua
751 1399 854 1447 nautae

202 1468 362 1529 Laboriosa
386 1488 441 1529 nec
464 1470 571 1531 cohors
595 1471 703 1544 Ulixei3

135 1552 268 1634 luppiter
289 1553 337 1614 illa
360 1555 425 1632 piae
448 1556 571 1615 secrevit
593 1555 677 1616 litora
701 1557 791 1633 genti,

202 1638 240 1701 Ut
263 1639 427 1717 inquinavit
449 1657 516 1698 aere
540 1650 655 1718 tempus
677 1659 816 1714 aureum;

137 1724 221 1799 here,
244 1724 350 1784 dehinc
373 1726 452 1784 lerro
475 1724 589 1784 duravit
611 1727 736 1799 saecula,
760 1745 886 1804 (pirorum

202 1808 261 1870 Piis
283 1811 410 1869 secunda
433 1818 497 1869 vate
520 1829 566 1870 me
589 1811 674 1871 datur
697 1812 774 1890 luga.

548 2088 625 2148 XVll

132 2199 204 2268 ‘lam
228 2208 285 2268 iam
308 2208 419 2268 efficaci
443 2207 480 2267 do
504 2228 609 2269 manus
630 2210 780 2279 scientiae,

134 2292 265 2373 Supplex
288 2301 317 2352 et
339 2311 391 2353 oro
415 2311 505 2372 regna
529 2312 583 2372 per
606 2295 809 2374 Proserpinae,

135 2377 192 2438 Per
213 2388 243 2439 et
265 2378 373 2438 Dianae
398 2398 458 2438 non
482 2379 624 2438 movenda
648 2381 779 2449 numina,

135 2461 191 2522 Per
212 2472 300 2543 atque
323 2462 415 2524 libros
438 2465 600 2523 carminum
625 2465 782 2523 valentium

133 2547 234 2608 Refixa
256 2548 337 2610 caelo
360 2549 502 2608 devocare
525 2549 628 2618 sidera,

135 2630 263 2705 Canidia,
286 2651 374 2713 parce
396 2634 518 2694 vocibus
540 2631 657 2693 tandem
680 2632 770 2691 sacris

135 2716 289 2799 Citumque
312 2728 392 2779 retro
416 2719 504 2792 solve,
527 2717 606 2778 solve
629 2715 792 2776 turbineml

132 2801 223 2865 Movit
245 2812 383 2883 nepotem
408 2804 556 2882 Telephus
577 2802 725 2871 Nereium,

134 2886 166 2947 lu
191 2907 280 2968 quem
302 2889 449 2968 superbus
472 2889 621 2948 ordinarat
642 2886 758 2965 agmina

133 2972 284 3053 Mysorum
308 2975 387 3034 etin
412 2993 498 3051 quom
522 2975 577 3033 tela
600 2982 684 3033 acuta
707 2979 845 3041 torserat;

134 3057 252 3120 Unxere
275 3068 382 3120 matres
405 3059 473 3119 lliae
497 3059 642 3119 addictum
667 3057 735 3116 loris

133 3143 258 3204 Alitibus
280 3153 366 3222 atque
389 3143 513 3204 canibus
534 3143 709 3204 homicidam
734 3140 900 3212 Hectorem,

134 3226 291 3308 Postquam
316 3229 424 3289 relictis
447 3229 605 3289 moenibus
628 3246 677 3286 rer
702 3226 828 3304 procidit

134 3312 198 3373 Heu
221 3314 380 3392 pervicacis
403 3315 437 3374 ad
461 3315 550 3392 pedes
573 3312 709 3385 Achillei3

134 3397 252 3459 Saetosa
276 3399 356 3459 duris
380 3417 486 3458 exuere
510 3398 635 3477 pellibus
1053 3400 1080 3450 15

87 3536 251 3545 -—-.Q

133 3597 189 3649 xvi
209 3616 231 3652 u.
251 3603 280 3651 51
301 3600 362 3651 ouili
390 3598 394 3667 Ι
422 3603 451 3651 61
465 3616 503 3663 sq.
523 3601 549 3661 [l
569 3598 628 3659 HV;
651 3596 770 3662 equidem
793 3600 854 3660 port
874 3611 897 3644 υ.
917 3595 948 3643 52
967 3592 1123 3655 transposui

87 3683 107 3717 ra
126 3668 291 3732 Attrescbio)
311 3671 408 3719 observ.
427 3667 533 3718 miscell.
551 3665 570 3716 ll
588 3668 651 3717 382:
669 3669 729 3734 post
745 3681 768 3714 v.
782 3666 814 3715 48
833 3662 975 3713 collocavit
985 3659 1122 3720 balareias,

87 3739 107 3785 rt
124 3751 148 3787 o.
167 3738 199 3788 50
218 3752 241 3786 υ.
260 3738 285 3788 d.
305 3738 406 3789 observ.
425 3739 498 3787 mise.
515 3734 536 3785 ll
555 3736 663 3798 38lcq.,
685 3737 746 3797 post
762 3748 785 3782 υ.
806 3734 837 3782 56
855 3728 906 3780 ΑΚ
928 3729 932 3794 l
959 3729 989 3779 61
1010 3727 1089 3778 austri
1112 3722 1118 3796 Ι

91 3805 241 3924 “talpa
262 3876 273 3926 l
293 3872 395 3923 lamiam
416 3870 464 3922 OK
477 3870 624 3935 compluit.
646 3871 702 3932 139,
720 3869 751 3920 80
768 3867 772 3932 Ι
789 3870 802 3918 5
822 3864 903 3916 defixa
920 3862 924 3930 Ι
942 3865 970 3914 11
991 3862 1079 3914 luxere
