2640 4372
496 216 671 269 GhllhllNUlil
688 217 710 269 ll
728 220 767 270 19.
786 219 827 272 20.

251 388 295 448 'lu
312 387 404 447 flectis
419 387 523 460 amnis,
541 398 572 447 tu
587 406 668 449 mare
685 388 850 463 barbarum,

251 473 295 534 Tu
311 472 453 552 separatis
470 473 572 534 uvidus
587 473 616 533 in
634 473 710 551 iugis

296 558 380 617 Notio
396 575 515 618 coerces
531 557 664 635 viperino

348 642 532 703 Bistonidum
548 643 611 703 sinc
626 643 728 702 fraude
744 641 849 717 crinis3

254 761 307 832 Tu,
324 780 390 822 curn
406 761 538 841 parentis
553 780 644 840 regna
660 760 853 839 perarduum

255 845 368 907 Cohors
383 846 540 924 Gigantum
557 845 713 908 scanderet
729 845 827 924 impia,

299 930 445 991 Rhoetum
462 932 607 992 retorsisti
622 930 717 991 leonis

350 1015 503 1095 Unguibus
518 1016 711 1094 horribilique
726 1014 810 1087 mala,

254 1132 438 1211 Quamquam
453 1135 569 1196 choreis
585 1135 682 1214 aptior
697 1143 727 1194 et
741 1133 814 1194 iocis

251 1217 395 1297 Ludoque
412 1219 506 1280 dictus
523 1240 583 1280 non
600 1228 643 1280 sat
657 1220 782 1279 idoneus

299 1304 419 1382 Pugnae
435 1305 585 1373 ferebaris,
601 1306 651 1365 scd
668 1304 744 1364 itlem

350 1389 431 1450 Pacis
446 1408 511 1450 eras
525 1389 698 1466 mediusque
714 1387 797 1459 beili;

253 1505 295 1566 'l'e
311 1506 381 1566 vitlit
395 1507 498 1567 insons
515 1506 661 1567 Cerberus
676 1523 767 1565 aureo

254 1589 355 1650 Cornu
371 1590 520 1663 decorum,
537 1592 644 1652 leniter
659 1599 787 1650 atterens

301 1675 437 1747 Cantium,
453 1686 483 1735 et
498 1675 664 1736 recedentis
681 1673 812 1752 trilingui

353 1760 412 1821 Ore
426 1761 516 1840 pedes
532 1761 685 1839 tetigitque
700 1778 795 1820 crura.

638 2013 690 2073 XX

253 2115 319 2176 Non
334 2116 446 2177 visitata
464 2135 518 2177 nec
533 2117 616 2177 tenui
633 2117 710 2176 lerar

254 2200 348 2261 Pinna
363 2200 497 2262 biformis
511 2220 566 2279 per
580 2201 723 2279 liquidum
740 2202 857 2262 aethera

301 2286 387 2346 Vates
403 2304 500 2364 neque
516 2287 545 2346 in
562 2287 650 2347 terris
667 2287 805 2347 morabor

350 2369 483 2449 Longius
499 2370 665 2448 invidiaque
681 2371 775 2430 maior

255 2484 343 2545 Urbis
357 2486 533 2564 relinquam.
562 2487 628 2547 Non
646 2504 710 2564 ego,
726 2504 891 2565 pauperum

257 2569 381 2647 Sanguis
396 2579 564 2649 parentum,
581 2590 642 2630 non
660 2589 723 2649 ego,
740 2589 829 2648 quem
846 2589 941 2644 vocas,

303 2653 413 2714 Dilecte
427 2655 589 2729 Maecenas,
606 2654 693 2715 obibo

354 2738 415 2798 Nec
431 2740 528 2818 Stygia
545 2739 707 2800 cohibebor
721 2740 808 2800 unda.
826 2773 869 2782 -

255 2856 315 2916 lam
330 2857 386 2917 iam
402 2857 537 2918 residunt
552 2858 689 2919 cruribus
704 2877 826 2937 asperae

257 2941 350 3002 Pelles
366 2950 396 3003 et
409 2941 507 3003 album
524 2951 624 3003 mutor
639 2943 669 3004 in
686 2943 783 3004 alitem

301 3027 437 3106 Superne
453 3036 676 3106 nascunturque
691 3028 768 3089 le'res

351 3112 407 3173 Per
423 3112 528 3191 digitos
544 3131 722 3191 umerosque
737 3112 865 3193 plumae,

216 3276 270 3327 lllll
288 3295 312 3328 v.
331 3281 364 3330 24
382 3279 571 3345 horribilisque]
590 3282 623 3331 ci.
635 3279 723 3331 uenat.
742 3281 788 3340 (ec
805 3282 911 3330 Acrona
930 3279 961 3329 de
977 3283 1114 3346 scriptura
1132 3280 1203 3331 uiuit

126 3345 337 3396 concludendum
367 3363 429 3411 essa,
455 3351 526 3398 recto
553 3349 678 3398 admonet
706 3346 758 3411 OK,
789 3350 836 3412 qui
861 3364 1001 3414 perperam
1019 3349 1102 3400 danic
1118 3364 1200 3413 prae-

124 3419 203 3464 eunte
220 3414 382 3465 bostat-aum
402 3417 544 3466 hierozoic.
563 3415 594 3466 lll
616 3416 631 3465 2
656 3416 735 3465 huius
753 3418 821 3468 coni.
840 3420 976 3467 auctorem
998 3419 1137 3478 nominum
1161 3418 1201 3466 ibi

125 3483 196 3531 enim
216 3484 297 3532 tauto
314 3487 340 3532 ct
356 3487 386 3533 in
403 3483 442 3535 ad.
459 3486 548 3549 princ.
567 3501 591 3535 a.
613 3484 676 3535 1663
695 3487 722 3533 ct
738 3487 768 3534 in
792 3484 833 3536 ed.
854 3484 984 3535 Clodiana
1012 3489 1036 3534 et
1054 3487 1083 3535 in
1103 3483 1200 3534 Rosea·

124 3550 299 3600 muettovtanu
317 3549 443 3612 adfertur
461 3551 628 3617 horribilique
647 3551 722 3616 mala)
737 3552 741 3618 l
758 3553 878 3615 [25-28]
898 3552 927 3601 h*

213 3617 257 3669 llll
279 3635 300 3669 o.
322 3622 333 3672 1
353 3619 467 3683 visitata]
484 3619 619 3684 Berghtua
637 3620 721 3682 (18641
748 3635 837 3686 opusc.
852 3621 920 3684 phil.
937 3619 957 3670 ll
976 3623 1037 3679 741;
1055 3619 1126 3683 Aug.
1145 3634 1199 3668 rer.

126 3703 142 3735 a
160 3702 187 3735 se
202 3690 341 3751 gesturum
357 3687 411 3737 ind.
427 3703 455 3752 p.
477 3690 538 3740 110:
559 3687 654 3738 usitata
670 3688 673 3751 Ι
690 3688 705 3738 3
724 3691 789 3740 terra
806 3689 810 3754 Ι
826 3688 841 3738 6
858 3702 934 3754 quem
952 3695 1047 3738 vocant
1060 3685 1145 3736 Beati.
1159 3686 1200 3736 cui

126 3767 203 3804 vacas
223 3755 253 3804 H.
267 3753 312 3806 Tu.
326 3755 459 3820 Hornung
478 3771 570 3806 comm.
595 3755 626 3804 do
646 3758 771 3820 partitus
795 3770 860 3806 com.
881 3755 925 3807 Gr.
944 3755 1031 3806 Pcrol.
1053 3755 1115 3806 1861
1138 3755 1200 3803 thee.

125 3822 306 3941 {bffrgmm
324 3838 412 3887 opusc.
432 3823 448 3872 l.
468 3822 485 3876 1.
512 3823 517 3890 Ι
545 3824 736 3885 [9-121tM,
760 3826 808 3888 qui
826 3822 860 3883 cf.
877 3839 905 3888 p.
924 3822 957 3872 tx
974 3823 1014 3873 ed.
1033 3839 1058 3872 a.
1080 3823 1153 3882 1869,
1170 3836 1199 3885 p.

184 3890 191 3939 l
222 3891 262 3941 ed.
281 3907 305 3941 a.
325 3893 390 3943 1819
