2640 4372
504 202 693 256 Sh'l'lllAllUbl
711 205 731 255 ll
749 209 773 259 4.
1119 207 1177 265 169

192 373 267 435 Sunt
291 393 417 453 quorum
440 375 592 454 ingenium
617 395 690 436 nova
714 385 828 437 tantum
851 380 980 440 crustula
1003 383 1120 460 promit.
1136 417 1176 428 -

192 459 383 538 Nequaquam
406 460 475 521 satis
497 461 527 520 in
552 478 583 520 re
606 479 665 520 una
687 480 864 522 consumere
887 482 997 537 curam,

192 543 230 605 Ut
250 545 344 623 siquis
365 545 461 606 solum
484 545 550 618 boc,
575 546 648 606 mala
673 565 709 606 ue
732 548 792 607 sint
815 547 889 620 vina,
913 549 1035 620 laboret,

193 628 277 700 Quali
300 629 457 710 perfundat
479 630 567 710 piscis
590 649 712 692 securus
735 633 820 694 olivo.
1150 647 1179 697 50

192 714 313 777 Massica
336 715 361 776 si
384 715 464 776 caelo
486 735 637 794 suppones
659 717 725 776 vina
749 736 865 790 sereno,

193 799 353 873 Nocturna,
376 801 473 878 siquid
496 801 586 862 crassi
609 809 663 873 est,
687 802 858 862 tenuabitur
880 821 961 875 aura,

194 883 231 945 Et
252 885 374 946 decedet
398 887 472 946 odor
495 887 590 946 nervis
613 886 766 961 inimicus;
789 897 818 947 at
840 887 885 947 illa

193 969 346 1048 integrum
369 972 498 1049 perdunt
520 971 581 1031 lino
604 971 701 1031 vitiata
723 990 867 1052 saporem.

195 1054 371 1116 Surrentina
394 1056 472 1116 vafer
494 1056 544 1135 qui
568 1056 671 1116 miscet
693 1058 773 1117 faece
798 1057 920 1117 Falerna

194 1138 276 1212 Vina,
300 1140 469 1201 columbino
494 1141 595 1201 limum
620 1141 695 1201 bene
719 1143 830 1221 colligit
852 1162 915 1213 ovo,

196 1223 349 1294 Quatenus
371 1226 427 1285 ima
450 1227 523 1305 petit
546 1227 664 1287 volvens
686 1227 780 1287 aliena
802 1228 926 1288 vitellus.

195 1307 292 1371 Tostis
314 1320 494 1371 marcentem
517 1312 631 1389 squillis
655 1312 801 1373 recreabis
824 1323 853 1373 et
875 1314 944 1372 Afra

196 1392 333 1455 Potorem
358 1397 464 1468 coclea,
488 1415 556 1456 nam
581 1397 692 1457 lactuca
715 1398 828 1458 innatat
850 1399 910 1458 acri

197 1478 266 1541 Post
287 1480 387 1541 vinum
410 1482 578 1556 stomacho;
603 1499 694 1560 perna
719 1484 810 1558 magis
833 1493 863 1543 et
884 1483 975 1561 magis
997 1483 1074 1544 hillis

199 1563 321 1644 Plagitat
343 1566 491 1628 inmorsus
514 1568 605 1639 refici,
629 1567 699 1645 quin
725 1569 822 1627 omnia
846 1568 934 1637 malit,

197 1649 408 1728 Quaecumque
430 1652 581 1712 inmundis
603 1653 717 1712 fervent
739 1653 833 1712 adlata
856 1653 983 1732 popinis.
1007 1688 1046 1696 -

197 1733 249 1796 Est
272 1754 379 1814 operae
403 1739 528 1816 pretium
552 1738 676 1816 duplicis
699 1756 878 1816 pernoscere
900 1737 973 1798 iuris

200 1819 355 1881 Naturam:
379 1822 502 1901 simplex
525 1842 540 1883 e
564 1823 641 1884 dulci
665 1831 782 1883 constat
803 1823 888 1892 olivo,

200 1903 285 1974 Quod
308 1906 412 1985 pingui
437 1908 560 1968 miscere
584 1927 665 1969 mero
689 1908 840 1986 muriaque
864 1906 980 1968 decebit

196 1988 262 2050 Non
286 1991 340 2051 alia
364 2010 451 2070 quam
475 2012 532 2071 qua
556 1993 692 2074 Byzantia
716 1995 814 2072 putuit
836 2010 921 2066 orca;

120 2142 124 2150 Α
199 2073 262 2135 lloc
284 2075 336 2136 ubi
359 2078 517 2138 confusum
539 2080 626 2139 sectis
648 2077 793 2139 inferbuit
816 2077 915 2139 herbis

199 2157 382 2240 Corycioque
406 2181 493 2224 eroco
516 2183 650 2242 sparsum
673 2165 762 2237 stetit,
786 2165 908 2243 insuper
930 2163 1018 2224 addes

200 2242 302 2306 Pressa
324 2244 507 2308 Venafranae
530 2250 608 2326 quod
632 2249 702 2310 baca
726 2250 837 2310 remisit
861 2250 960 2310 olivae.
983 2283 1024 2292 -

200 2328 317 2393 Picenis
338 2333 448 2393 cedunt
469 2336 565 2413 pomis
587 2334 720 2394 Tiburtia
743 2353 824 2407 suco,

200 2414 273 2475 Nam
295 2417 369 2477 facie
390 2429 549 2497 praestant.
593 2419 788 2479 Vennuncula
811 2418 950 2478 convenit
971 2418 1045 2488 ollis,

202 2501 321 2564 Rectius
342 2503 485 2563 Albanam
508 2504 588 2564 fumo
611 2504 761 2563 duraveris
783 2521 878 2562 uvam.

203 2587 285 2649 Hanc
308 2605 361 2666 ego
385 2608 452 2649 cum
475 2589 567 2662 malis,
591 2607 645 2668 ego
669 2589 781 2647 faecem
804 2587 969 2665 primuset
990 2586 1071 2659 allec,

202 2672 319 2735 Primus
342 2683 371 2734 et
393 2675 528 2735 invenior
551 2674 635 2753 piper
658 2673 755 2733 album
778 2690 845 2731 cum
868 2671 927 2732 sale
951 2670 1036 2748 nigro

202 2758 353 2819 incretum
376 2760 458 2838 puris
480 2759 729 2839 circumposuisse
751 2756 863 2820 catillis.
886 2789 926 2798 —

204 2843 327 2905 lnmane
350 2854 395 2906 est
415 2845 526 2919 vitium,
549 2846 619 2905 dare
642 2845 722 2905 milia
743 2851 826 2903 terna
850 2840 972 2900 macello

204 2928 397 3009 Angustoque
419 2949 507 3009 vagos
529 2931 618 3009 piscis
641 2947 746 3008 urgere
769 2928 876 2989 catino.

204 3013 308 3094 Magna
331 3024 428 3076 movet
449 3017 599 3076 stomacho
624 3015 744 3085 fastidia,
767 3032 819 3074 seu
842 3029 916 3091 puer
938 3010 1035 3071 unctis

204 3100 350 3161 Tractavit
372 3101 492 3162 calicem
515 3100 662 3174 manibus,
685 3100 754 3160 dum
777 3100 853 3157 furta
876 3095 1001 3175 ligurrit,

205 3185 270 3246 Sive
293 3186 387 3263 gravis
409 3187 499 3246 veteri
523 3195 653 3246 craterae
675 3185 762 3245 limus
784 3183 922 3244 adhaesit.
1162 3188 1191 3240 80

207 3269 318 3331 Vilibus
339 3271 369 3330 in
393 3273 500 3350 scopis,
524 3272 552 3331 in
577 3270 700 3350 mappis,
724 3270 754 3329 iu
778 3267 866 3329 scobe
890 3274 1016 3345 quantus

207 3354 348 3416 Consistit
369 3353 525 3435 sumptus?
549 3357 700 3435 neglectis,
724 3353 865 3430 flagitium
889 3353 1005 3430 ingens.

208 3439 272 3501 Ten
295 3441 405 3520 lapides
427 3443 522 3502 varios
544 3441 688 3502 lutulenta
711 3440 814 3499 radere
837 3439 942 3517 palma,

208 3524 245 3586 Et
267 3526 462 3607 Tyriasdare
485 3526 597 3588 circum
620 3527 711 3587 inlota
733 3523 835 3584 toralia
856 3523 954 3594 vestis,

124 3646 322 3655 ---.-.

207 3693 240 3745 lV
258 3711 281 3748 o.
301 3697 331 3747 61
352 3695 377 3745 in
396 3708 495 3744 morsus
514 3693 548 3757 (o)
566 3692 712 3743 Lambinus
727 3690 731 3761 Ι
747 3693 780 3744 62
798 3691 823 3740 iu
842 3689 942 3741 mundis
958 3688 961 3753 Ι
977 3691 1010 3739 ’14
1023 3687 1140 3738 inuentor
1158 3686 1194 3750 (o)

123 3760 209 3811 inueni
227 3763 261 3828 (a)
284 3763 288 3830 Ι
313 3765 345 3816 78
364 3764 450 3812 movet
468 3761 610 3824 stomacho]
628 3762 676 3826 ΙυΙι
695 3763 800 3812 mouent
817 3757 949 3809 stomacho
967 3756 1002 3820 (v)
1021 3758 1124 3806 mouent
1141 3757 1194 3805 sto·

125 3828 239 3881 maehum
258 3832 291 3898 (o)
311 3830 472 3882 Kirchnerus
498 3827 502 3896 Ι
527 3831 559 3881 79
578 3828 657 3880 frusta
675 3831 710 3893 (o)
734 3828 738 3895 Ι
763 3830 795 3880 80
814 3827 946 3887 creterrae]
965 3846 997 3865 =
1015 3823 1052 3871 B⁰
1066 3837 1122 3888 pn:
1142 3836 1195 3872 cra-

125 3902 192 3951 terae
207 3898 211 3965 Ι
227 3901 261 3952 84
278 3900 358 3951 inluta
