2640 4372
561 236 691 290 EPODON
709 241 733 291 2.

236 408 395 470 Labuntur
417 409 482 470 altis
503 409 622 470 interim
646 409 718 488 ripis
741 428 842 488 aquae,

284 493 460 565 Queruntur
481 494 511 554 in
535 494 612 555 silvis
635 511 702 554 aves

236 578 429 657 Frondesquc
451 579 577 658 lymphis
600 578 777 657 obstrepunt
798 580 996 656 manantibus,

283 663 412 726 Somnos
434 664 512 742 quod
535 663 638 724 inritet
660 663 739 724 levis.

239 750 275 810 ht
296 767 365 810 cum
387 748 518 809 tonantis
539 766 636 810 annus
659 747 801 811 hibernus
823 751 898 811 loris

283 832 389 895 imbris
412 833 544 912 nivisque
567 842 719 912 comparat

239 919 297 979 hut
319 919 410 980 trudit
431 919 507 978 acris
529 917 599 978 hinc
622 927 651 978 et
674 919 743 979 hinc
766 919 856 979 multa
878 938 952 980 cane

285 1005 381 1083 dpros
403 1004 433 1064 in
459 1003 602 1063 obstantis
625 1003 723 1082 plagas

240 1088 297 1149 hut
319 1089 406 1149 amite
429 1088 484 1148 leri
506 1106 573 1147 rara
596 1088 691 1148 tendit
712 1088 795 1161 retia,

285 1174 392 1234 Turdis
414 1172 553 1234 edacibus
575 1173 669 1246 dolos,

240 1258 438 1337 Pavidumque
460 1258 592 1337 leporem
616 1268 645 1318 et
666 1259 806 1318 advenam
828 1258 934 1337 laqueo
957 1276 1060 1335 gruem

286 1342 418 1404 iucunda
441 1352 540 1422 captat
561 1343 699 1422 praemia.

243 1427 316 1499 Quis
339 1448 399 1489 non
424 1428 575 1500 malarum,
599 1446 671 1506 quas
694 1445 777 1487 amor
799 1446 885 1489 curas
906 1427 1004 1499 habet,

287 1512 366 1574 Haec
387 1513 466 1573 inter
490 1510 693 1573 obliviscitur?

245 1597 357 1667 Quodsi
380 1598 485 1677 pudica
507 1597 613 1657 mulier
635 1598 665 1656 in
690 1607 802 1676 partem
825 1598 903 1657 iuret

288 1683 414 1744 [tomum
436 1691 524 1761 atque
546 1682 639 1742 dulcis
660 1682 779 1751 liberos,

246 1765 354 1828 Sabina
376 1767 469 1846 qualis
492 1776 543 1827 aut
564 1775 684 1845 perusta
706 1766 817 1828 solibus

289 1852 421 1913 Pernicis
442 1870 518 1912 uror
540 1851 636 1931 hpuli,

243 1936 363 1998 Sacrum
386 1937 506 1998 vetustis
530 1945 660 1997 exstruat
682 1937 769 2016 lignis
793 1938 891 1997 locum

289 2022 370 2084 Lassi
393 2021 448 2084 sub
471 2023 627 2082 adrentum
650 2022 703 2082 viri

245 2105 449 2186 Claudensque
471 2106 557 2167 textis
580 2106 709 2168 cratibus
732 2107 840 2168 laetum
863 2125 953 2186 pecus

293 2192 424 2254 Distenta
447 2193 538 2253 siccet
560 2191 652 2252 ubera

245 2276 283 2337 lit
305 2278 397 2338 horna
420 2277 499 2337 dulci
521 2276 586 2337 vina
610 2295 751 2357 promens
773 2277 850 2336 dolio

290 2363 385 2442 Dapes
408 2362 553 2443 inemptas
576 2363 711 2440 adparet:

245 2447 311 2508 Non
335 2466 381 2508 me
404 2447 532 2508 Lucrina
555 2447 683 2506 iuverint
705 2445 859 2524 conchylia

292 2531 418 2611 Magisve
441 2531 584 2592 rhombus
606 2531 762 2601 autmari,

249 2616 357 2695 Siquos
381 2617 449 2678 Eois
470 2617 605 2677 intonata
627 2612 765 2674 lluotibus

293 2702 394 2762 Hiems
417 2703 452 2762 atl
475 2703 530 2761 hoc
554 2708 647 2760 vertat
670 2718 759 2768 mare,

246 2785 313 2847 Non
337 2788 406 2848 dlra
428 2787 487 2846 aris
509 2786 668 2846 descendat
689 2785 719 2844 in
742 2792 874 2844 ventrem
898 2798 1005 2852 meum,

285 2872 358 2933 .Non
383 2880 498 2951 attagen
523 2871 641 2931 lonicus

249 2954 410 3018 iucundior
433 2975 519 3035 quarn
541 2957 616 3016 lecta
640 2956 676 3015 de
699 2951 899 3033 pinguissimis

273 3042 355 3103 Oliva
377 3042 465 3102 ramis
487 3041 626 3101 arborum

249 3127 307 3186 hut
328 3126 421 3186 herba
441 3126 549 3206 lapathi
572 3135 656 3204 prata
678 3122 803 3183 amantis
826 3130 855 3180 et
875 3119 955 3199 gravi

296 3211 404 3272 Malvae
426 3211 558 3271 salubres
581 3210 699 3288 corpori

251 3296 303 3357 Vel
323 3314 399 3376 agna
423 3297 503 3356 lestis
526 3315 610 3356 caesa
631 3291 847 3354 Terminalibus

297 3380 349 3442 Vel
372 3382 483 3442 haedus
505 3389 624 3460 ereptus
645 3380 726 3456 lupo.
1125 3381 1153 3430 tt

210 3648 231 3700 ll
248 3665 272 3701 u.
292 3651 324 3701 25
342 3650 404 3701 riuis
422 3652 466 3714 (=
477 3647 531 3717 13⁰)
547 3650 551 3713 Ι
567 3652 598 3701 tt
618 3646 781 3712 frondesque]
794 3643 969 3695 Marklandus
987 3640 1023 3691 ad
1040 3637 1136 3687 culeum
1156 3638 1194 3688 ed

123 3719 192 3770 Eur.
212 3716 305 3783 Suppt.
323 3735 349 3785 p.
366 3720 421 3771 253
428 3735 467 3784 sp.
486 3725 512 3769 et
529 3733 571 3782 ap.
590 3719 617 3768 P.
636 3716 821 3766 Burmannum
840 3711 895 3762 See.
915 3711 976 3760 adn.
996 3707 1031 3757 orl
1048 3706 1126 3769 Prop.
1145 3706 1195 3769 (ed.

124 3788 156 3840 t.
176 3785 332 3852 Santonica)
349 3786 382 3837 tv
401 3791 424 3851 t,
443 3789 472 3837 4:
499 3786 634 3851 fontesque
661 3784 665 3839 Ι
693 3784 725 3834 35
748 3775 1072 3846 pavidumveBentl.137
1093 3773 1198 3854 agerlll

125 3859 158 3910 ci.
186 3871 212 3906 a.
234 3855 308 3919 tera,
334 3871 386 3906 reo.
405 3872 429 3905 a.
450 3857 515 3907 1882
538 3855 564 3915 t†
583 3867 653 3902 amor
675 3869 699 3901 α.
726 3849 823 3912 1886)1
849 3847 927 3897 Roma
954 3858 1017 3911 quas
1036 3844 1063 3892 P.
1082 3841 1103 3891 t.
1125 3840 1197 3891 Scre-

125 3924 221 3976 nm‘m
232 3920 329 3975 Mnem.
342 3941 369 3974 n.
380 3940 400 3976 s.
416 3926 455 3987 15,
463 3925 526 3981 325;
537 3922 569 3971 Α.
578 3921 609 3973 Ε.
617 3920 752 3969 Housman
759 3918 854 3982 journ.
868 3912 973 3978 ofplrll.
986 3909 1062 3962 xvttl
1073 3911 1112 3971 35,
1126 3913 1198 3974 lleq.
