2640 4372
218 212 260 272 34
608 208 780 262 GthllNUhl
798 210 818 262 ll
836 214 860 263 5.
879 212 902 262 6.

292 398 306 446 5
351 384 434 446 Circa
449 384 571 444 virentis
586 393 630 444 est
645 384 762 444 animus
777 391 844 443 tuae

351 469 477 548 Campos
493 470 642 540 iuvencae,
659 487 740 529 nunc
756 467 850 528 fluviis
865 485 981 544 gravem

400 555 529 616 solantis
545 561 667 626 aestum,
684 555 810 613 nuncin
828 553 886 612 udo

440 639 553 699 Ludere
570 656 636 698 cum
652 638 749 698 vitulis
764 638 865 698 salicto

353 756 588 836 Praegestieutis.
634 756 715 816 Tolle
732 755 902 834 cupidinem

281 852 307 901 10
351 841 466 902 lnmitis
482 860 570 902 uvae:
586 842 644 901 iam
659 840 712 901 tibi
728 840 830 900 lividos

395 927 563 1006 Distinguet
578 935 738 986 autumnus
753 943 885 985 racemos

442 1011 596 1090 Purpureo
613 1011 710 1071 varius
725 1010 835 1071 colore.

351 1131 412 1191 lam
426 1138 455 1190 te
472 1139 613 1208 sequetur
628 1164 641 1174 -
657 1129 751 1189 currit
766 1129 845 1187 enim
861 1128 943 1187 seror

353 1216 439 1275 Aetas
455 1225 484 1275 et
499 1215 551 1287 illi,
569 1233 643 1292 quos
659 1214 712 1274 tibi
728 1213 897 1291 dempserit,

280 1309 308 1359 15
394 1300 531 1378 Adponet
546 1319 640 1360 annos
655 1332 668 1344 -
685 1345 693 1372 ‚
709 1299 764 1359 iam
781 1306 916 1376 proterva

444 1385 555 1445 Fronte
571 1393 651 1464 petet
666 1383 773 1460 Lalage
788 1383 935 1454 maritum,

356 1503 477 1575 Dilecta,
494 1511 636 1581 quantum
653 1520 714 1562 non
733 1501 842 1562 Pholoe
858 1500 954 1579 fugax,

355 1587 421 1648 Non
439 1587 562 1659 Chloris,
579 1588 644 1648 albo
660 1587 702 1648 sic
718 1605 822 1647 umero
839 1587 947 1659 nitens,

401 1672 437 1732 Ut
453 1691 527 1751 pura
544 1682 692 1733 nocturno
709 1672 824 1732 renidet

284 1768 312 1818 20
448 1757 533 1818 Luna
548 1758 620 1816 mari
638 1757 793 1818 Cnidiusve
809 1757 914 1835 Gyges,

357 1875 452 1946 Quem
468 1876 492 1936 si
508 1876 671 1954 puellarum
688 1875 834 1936 insereres
850 1876 950 1947 choro,

358 1960 431 2020 llire
445 1960 557 2040 sagacis
573 1960 686 2020 falleret
701 1960 831 2039 hospites

406 2045 570 2106 Discrimen
588 2045 748 2106 obscurum
764 2044 867 2104 solutis

448 2131 587 2192 Crinibus
603 2128 800 2208 ambiguoque
815 2129 904 2189 voltu.

748 2383 781 2442 Vl

364 2501 496 2581 Septimi,
514 2501 600 2562 Gadis
611 2501 724 2562 aditure
740 2520 857 2562 mecum
874 2511 902 2562 et

364 2586 543 2648 Cantabrum
561 2588 711 2648 indoctum
728 2587 796 2665 iuga
812 2588 891 2648 lerre
907 2595 1007 2647 nostra
1022 2595 1052 2646 et

360 2671 501 2733 Barbaros
517 2673 621 2752 Syrtis,
637 2673 688 2732 ubi
704 2672 804 2732 Maura
819 2690 936 2751 semper

437 2758 558 2818 Aestuat
574 2758 663 2829 unda,

302 2887 316 2934 o
361 2875 453 2935 Tibur
469 2879 564 2952 Argeo
581 2873 710 2953 positum
726 2875 832 2935 colono

361 2960 406 3020 Sit
421 2977 503 3019 meae
519 2959 604 3020 sedes
620 2958 732 3018 utinam
749 2969 894 3031 senectae,

362 3045 405 3105 Sit
420 3042 526 3104 modus
542 3044 617 3104 lasso
635 3043 724 3104 maris
740 3056 768 3105 et
782 3044 893 3105 viarum

440 3128 635 3207 Militiaeque3

364 3247 447 3308 Unde
463 3247 487 3307 si
504 3247 611 3307 Parcae
626 3247 787 3327 prohibent
802 3247 931 3326 iniquae,

293 3344 321 3393 to
365 3332 456 3394 Dulce
472 3331 580 3410 pellitis
595 3333 698 3393 ovibus
715 3332 825 3393 Galaesi

365 3417 489 3478 Flumen
507 3426 536 3477 et
550 3426 669 3497 regnata
686 3426 782 3496 petam
799 3417 910 3478 Laconi

440 3502 520 3563 Rura
536 3502 707 3562 Phalantho.
724 3537 765 3546 -

327 3751 348 3801 V
375 3769 398 3804 o.
429 3755 459 3806 12
484 3753 569 3805 varios
592 3755 627 3817 (o)
649 3752 734 3804 Bentl.
759 3753 763 3819 l
792 3756 823 3806 13
850 3759 934 3806 curret
957 3754 962 3820 1
986 3753 1057 3805 lerox
1085 3759 1110 3804 et
1141 3753 1221 3820 lugnx
1241 3773 1268 3812 υ.
1291 3761 1314 3813 17

240 3821 327 3872 locum
345 3824 417 3872 inter
434 3839 462 3873 ae
478 3827 585 3873 muctare
600 3824 744 3888 proposuit
762 3821 896 3887 Cruquiue

326 3888 356 3941 Vl
375 3907 397 3941 υ.
417 3893 430 3940 ῖ
450 3891 541 3944 domus
559 3891 618 3941 H-l’
