2640 4372
403 951 441 1030 u.
464 949 643 1018 nonnum
665 951 816 1018 rnnccr

342 1120 380 1217 O
406 1124 451 1217 A
479 1124 526 1218 R
552 1123 606 1216 M
634 1123 659 1217 Ι
686 1123 730 1219 Ν
756 1122 803 1222 U
830 1124 884 1220 M

492 1303 584 1355 LIBER
603 1303 732 1360 PRIMUS.
785 1299 788 1306 ’

605 1440 618 1500 Ι

205 1561 359 1621 Maecenas
373 1558 462 1619 atavis
477 1558 553 1618 edite
567 1558 696 1636 regibus,

206 1645 230 1706 O
246 1654 275 1705 et
289 1643 465 1723 praesidium
482 1652 512 1703 et
526 1643 609 1704 dulce
623 1645 713 1705 decus
728 1663 835 1721 meum,

205 1731 281 1790 Sunt
295 1747 371 1807 quos
385 1727 534 1789 curriculo
549 1729 697 1807 pulverem
715 1728 899 1811 Olympicum

203 1814 363 1892 Collegisse
378 1814 456 1873 iuvat
471 1821 605 1892 metaque
620 1813 737 1874 fervidis

204 1899 315 1959 Evitata
330 1898 402 1960 rotis
418 1898 571 1977 palmaque
587 1897 694 1959 nobilis

202 1984 362 2045 Terrarum
378 1983 514 2044 dominos
529 1983 624 2043 evehit
639 1984 673 2043 ad
691 1983 776 2044 deos:

202 2069 299 2143 Hunc,
315 2070 338 2130 si
354 2069 505 2129 mobilium
522 2068 605 2128 turba
623 2067 782 2139 Quiritium

204 2154 302 2215 Certat
317 2153 488 2232 tergeminis
504 2153 606 2213 tollere
621 2152 796 2227 honoribus,

203 2238 298 2312 Illum,
314 2239 337 2299 si
354 2239 475 2319 proprio
491 2237 623 2298 condidit
637 2238 757 2310 horreo,

203 2323 351 2403 Quidquid
367 2324 402 2384 de
418 2322 534 2402 Libycis
550 2323 674 2384 verritur
688 2323 779 2396 areis;

201 2407 384 2469 Gaudentem
400 2407 510 2485 patrios
525 2408 636 2466 findere
652 2408 766 2468 sarculo

204 2496 298 2571 Agros
314 2491 444 2552 Attalicis
460 2491 684 2552 condicionibus

203 2578 368 2655 Numquam
384 2575 539 2647 dimoveas,
556 2584 588 2634 ut
603 2576 684 2636 trahe
699 2575 803 2655 Cypria

202 2662 349 2741 Myrtoum
366 2660 487 2740 pavidus
503 2668 591 2720 nauta
605 2669 685 2720 secet
700 2679 794 2736 mare;

202 2746 378 2807 Luctantem
393 2745 492 2806 icariis
506 2745 644 2806 fluctibus
659 2746 789 2806 Africum

202 2831 348 2892 Mercator
362 2841 497 2891 metuens
513 2830 605 2891 otium
622 2839 650 2890 et
665 2830 765 2909 oppidi

205 2916 315 2977 Laudat
330 2935 398 2977 rura
414 2917 469 2989 sui,
485 2934 553 2976 mox
569 2915 664 2976 reficit
679 2915 748 2976 ratis

202 3000 328 3070 Quassas
343 3001 477 3062 indocilis
493 3001 664 3080 pauperiem
681 3002 758 3080 pati3

204 3084 254 3146 Est
270 3086 320 3164 qui
336 3105 390 3146 nec
406 3085 511 3146 veteris
526 3085 630 3164 pocula
647 3085 759 3146 Massici

203 3169 264 3229 Nec
279 3180 391 3249 partem
407 3171 500 3232 solido
515 3171 633 3232 demere
648 3171 684 3230 de
700 3169 746 3230 die

204 3253 334 3333 Spernit,
351 3274 431 3316 nunc
446 3255 528 3315 viridi
544 3255 675 3316 membra
691 3254 746 3315 suh
762 3255 867 3315 arbuto

204 3339 326 3413 Stratus,
343 3358 422 3401 nunc
438 3341 473 3401 ad
489 3359 580 3419 aquae
595 3341 661 3401 lene
677 3348 765 3418 caput
780 3356 895 3414 sacrae;

203 3424 310 3485 Multos
325 3433 418 3485 castra
434 3425 533 3486 iuvant
548 3434 577 3484 et
591 3425 663 3484 lituo
679 3426 766 3485 tubae

204 3508 368 3570 Permixtus
383 3510 497 3570 sonitus
511 3509 645 3586 bellaque
661 3510 802 3570 matribus

203 3593 363 3670 Detestata;
380 3602 479 3654 manet
493 3594 548 3654 suh
564 3593 631 3663 love
646 3595 752 3670 frigido

203 3678 332 3739 Venator
346 3690 466 3740 tenerae
481 3679 615 3758 coniugis
631 3679 785 3751 inmemor,

72 3798 277 3807 --—-.—

159 3846 168 3896 1
186 3863 210 3896 v.
229 3850 242 3897 'I
263 3846 385 3899 nobilium
403 3848 438 3912 (o)
454 3846 459 3916 Ι
476 3848 506 3898 13
525 3845 661 3899 demoveas

125 3936 237 3981 Horatius.
