2640 4372
130 198 192 259 210

508 201 738 255 EPISTULARUM
755 204 765 255 l
784 207 823 257 19.

217 374 298 445 Quae
321 373 494 435 scribuntur
517 394 609 453 aquae
631 376 796 454 potoribus.
843 376 880 437 Ut
902 377 977 438 male
1000 396 1087 440 sanos

216 459 375 538 Adscripsit
399 459 486 521 Liber
508 461 620 540 Satyris
641 461 811 540 Faunisque
833 471 944 540 poetas,

217 544 289 604 Vina
313 545 374 605 lere
397 544 497 606 dulces
520 547 660 607 oluerunt
681 565 767 608 mane
792 545 951 622 Camenae3

217 628 365 690 Laudibus
387 631 520 709 arguitur
542 631 600 690 vini
623 632 743 693 vinosus
767 632 927 705 Homerus3

216 713 330 775 Ennius
352 716 415 793 ipse
438 724 521 794 pater
543 734 704 794 numquam
729 717 785 776 nisi
808 726 895 796 potus
917 717 952 777 ad
977 735 1056 778 arma

216 799 354 860 Prosiluit
376 800 509 861 dicenda.
549 793 671 861 tTorum
696 801 854 879 putealque
877 801 1000 864 Libonis

216 884 360 945 Mandabo
382 885 477 955 siccis,
501 886 624 945 adimam
647 895 766 946 cantare
788 882 930 960 severis;'

216 969 278 1031 lloc
301 970 388 1032 simul
410 970 495 1040 edixi,
519 990 579 1031 non
604 989 753 1031 cessavere
778 980 880 1050 poetae

214 1056 367 1116 Nocturna
391 1065 503 1116 certare
527 1072 617 1128 mero,
641 1065 744 1134 putere
767 1056 884 1116 diurno.

215 1139 315 1211 Quid?
337 1140 428 1218 siquis
451 1140 531 1200 voltu
553 1149 636 1200 torro
660 1142 739 1202 lerus
762 1150 791 1200 et
812 1142 887 1219 pede
910 1141 991 1202 nudo

214 1225 404 1305 Exiguaeque
426 1234 511 1304 togae
534 1226 650 1286 simulet
674 1235 786 1285 textore
810 1224 960 1298 Catonem,

216 1310 397 1371 Virtutemne
419 1319 622 1388 repraesentet
644 1328 802 1388 moresque
825 1309 965 1372 Catonis?

215 1395 305 1474 Rupit
328 1395 461 1456 Iarbitam
487 1395 657 1473 Timagenis
679 1396 792 1456 aemula
815 1395 925 1474 lingua,

216 1480 289 1540 llum
312 1482 409 1541 studet
432 1479 564 1541 urbanus
586 1480 739 1559 tenditque
762 1482 889 1541 disertus
911 1480 1025 1542 haberi.

213 1565 328 1643 Decipit
350 1565 498 1644 exemplar
519 1567 596 1626 vitiis
619 1565 774 1637 imitabile;
798 1567 901 1644 quodsi

215 1650 355 1711 Pallerem
380 1669 458 1722 casu,
482 1650 619 1711 biberent
642 1669 790 1729 exsangue
812 1651 973 1710 cuminum.

214 1734 238 1796 Ο
263 1737 432 1807 imitatores
456 1755 571 1797 servum
595 1754 695 1816 pecus,
717 1745 751 1796 ut
773 1735 844 1795 mihi
866 1753 953 1814 saepe

213 1820 315 1893 Bilem,
338 1840 425 1900 saepe
448 1822 545 1882 iocum
568 1822 656 1882 vestri
680 1838 796 1881 movere
818 1821 977 1881 tumultusl
1002 1855 1044 1864 -

212 1905 316 1965 Libera
339 1924 537 1986 pervacuum
560 1907 645 1984 posui
670 1905 787 1984 vestigia
810 1905 958 1984 princeps,

212 1990 277 2050 Non
302 1991 395 2051 aliena
418 2010 484 2050 meo
509 1992 603 2069 pressi
626 1992 708 2069 pede.
754 1989 810 2060 Qui
833 1990 888 2050 sibi
910 1990 989 2062 fidet,

213 2075 277 2134 llux
300 2085 382 2152 reget
404 2093 537 2135 examen.
583 2075 682 2135 Parios
705 2093 759 2154 ego
782 2075 895 2154 primus
917 2074 1031 2136 iambos

212 2158 333 2220 Ostendi
358 2159 450 2231 Latio,
474 2177 615 2219 numeros
638 2159 811 2238 animosque
834 2169 953 2221 secutus

211 2244 386 2316 Archilochi,
410 2263 471 2304 non
496 2262 542 2305 res
565 2253 595 2305 et
616 2244 731 2323 agentia
753 2245 840 2305 verba
865 2244 1045 2324 Lycamben.

211 2329 252 2390 Ac
276 2349 314 2390 ne
337 2348 383 2389 me
405 2329 481 2391 soliis
505 2330 569 2391 ideo
592 2330 777 2391 brevioribus
800 2349 896 2401 ornes,

212 2414 298 2485 Quod
322 2416 403 2477 timui
427 2427 540 2477 mutare
561 2415 665 2477 modos
689 2425 718 2476 et
740 2416 879 2476 carminis
901 2424 1004 2486 artem,

210 2500 368 2580 Temperat
389 2502 557 2562 Archilochi
581 2519 695 2562 musam
718 2501 792 2580 pede
814 2501 942 2560 mascula
966 2499 1097 2578 Sappho,

210 2586 368 2664 Temperat
390 2588 521 2660 hlcaeuS,
544 2587 596 2648 sed
619 2587 707 2647 rebus
729 2596 759 2646 et
781 2585 884 2645 ordine
908 2586 1016 2664 dispar,

210 2671 271 2732 Nec
293 2689 429 2731 socerum
453 2672 574 2750 quaerit,
599 2690 685 2750 quem
710 2670 841 2731 versibus
864 2669 976 2730 oblinat
997 2671 1078 2742 atris,

210 2756 271 2816 Nec
293 2775 420 2834 sponsae
444 2758 581 2835 laqueum
604 2759 717 2816 lamnso
741 2756 871 2815 carmine
895 2757 994 2816 nectit.

211 2841 298 2901 llnnc
322 2859 385 2919 ego,
410 2860 471 2902 non
496 2842 551 2902 alio
575 2843 685 2904 dictum
709 2841 791 2920 prius
814 2858 874 2913 ore,
899 2840 1023 2901 latinus

212 2926 328 3006 Volgavi
351 2926 468 2988 fidicen.
515 2927 595 2988 luvat
618 2928 811 2987 inmemorata
835 2926 978 2986 terentem

211 3012 351 3089 lngenuis
374 3012 526 3090 oculisque
551 3012 605 3089 legi
629 3010 826 3088 manibusque
850 3011 953 3070 teneri.
977 3044 1018 3055 -

209 3097 290 3157 Scire
312 3097 391 3166 velis,
415 3115 478 3156 mea
503 3115 556 3157 cur
578 3098 711 3175 ingratus
735 3095 876 3174 opuscula
898 3094 992 3155 lector

208 3182 322 3241 Laudet
344 3191 479 3259 ametque
503 3182 591 3254 domi,
615 3191 729 3260 premat
752 3191 832 3240 extra
855 3179 943 3241 limen
968 3179 1105 3258 iniquus:

208 3264 274 3326 Non
299 3283 354 3341 ego
378 3276 516 3349 ventosae
539 3267 631 3345 plebis
654 3266 791 3342 suffragia
815 3283 907 3325 venor

207 3351 354 3429 impensis
377 3370 517 3412 cenarum
542 3362 570 3412 et
592 3352 676 3412 tritae
699 3369 824 3412 munere
847 3350 943 3423 vestis,

207 3437 273 3497 Non
299 3454 362 3513 ego,
386 3437 529 3498 nobilium
553 3437 731 3515 scriptorum
755 3436 871 3496 auditor
893 3444 922 3495 et
943 3434 1031 3506 ultor,

209 3522 419 3583 Grammaticas
442 3522 553 3583 ambire
577 3522 670 3583 tribus
693 3532 722 3582 et
744 3521 856 3602 pulpita
880 3520 1001 3598 dign0r;

208 3607 286 3668 llinc
309 3606 374 3668 illae
397 3608 543 3671 lacrimae.
584 3599 707 3686 ‘Spissis
730 3607 850 3685 indigna
873 3604 1005 3678 theatris,

207 3692 323 3772 Scripta
348 3693 438 3772 pudet
462 3693 584 3753 recitare
608 3703 637 3752 et
659 3692 746 3772 nugis
769 3690 876 3751 addere
899 3683 1025 3769 pondus'

207 3892 262 3944 xlx
282 3910 302 3945 υ.
322 3895 561 3959 3sq.,ut-pnetas.
581 3891 614 3942 al.
631 3892 635 3956 1
653 3894 682 3944 10
702 3892 781 3943 edixit
796 3892 800 3958 Ι
817 3893 849 3944 tt
868 3889 923 3942 fidit
940 3889 994 3957 (υ)1
1011 3890 1042 3940 23
1062 3887 1129 3953 regit
1140 3892 1177 3954 (o)
