2640 4372
134 201 195 262 160

133 387 163 435 50

533 203 722 257 sarmarum
741 205 761 257 ll
779 207 803 257 3.

219 376 271 436 llle
293 377 505 451 sinistrorsum,
527 379 576 438 hic
597 379 784 438 dextrorsum
807 377 877 451 abit,
900 397 979 440 unus
1000 381 1121 461 utrique

219 461 319 536 Error,
342 463 392 524 sed
415 464 501 524 variis
523 463 632 524 inludit
653 462 795 542 partibus,
818 463 876 522 boc
898 473 928 523 te

220 546 312 609 Crede
335 549 423 608 modo
446 549 594 621 insanum,
619 547 710 608 nihilo
734 559 766 608 ut
788 549 950 626 sapientior
972 549 1031 622 itte,

218 630 276 703 Qui
298 643 327 693 te
350 633 471 706 deridet,
494 633 614 694 caudam
637 634 742 694 trahat.
767 666 808 676 -—
830 633 882 694 Est
903 652 999 712 genus
1020 653 1113 696 unum

219 717 364 779 Stultitiae
387 718 510 778 nibilum
533 718 689 778 metuenda
712 719 852 792 timentis,
875 730 908 779 ut
929 720 1016 798 ignis,

147 812 158 824 '
216 801 256 862 Ut
277 821 367 883 mpes
387 803 551 881 fluviosque
575 804 604 863 in
628 821 732 882 campo
755 803 873 864 obstare
895 815 1051 902 queratur3

217 886 348 948 Alterum
372 896 402 948 et
423 889 493 948 huic
516 906 614 947 vamm
638 898 668 948 et
691 888 782 948 nihilo
805 888 968 966 sapientius
990 891 1068 968 ignis

218 973 273 1032 Per
296 975 409 1035 medios
431 974 594 1052 llnviosque
616 974 743 1034 ruentis:
767 973 873 1033 elamet
894 975 988 1034 amica

217 1044 321 1131 Mater
343 1059 466 1119 honesta
488 1077 575 1119 soror
598 1076 665 1118 cunr
688 1059 831 1136 cognatis,
855 1069 947 1154 pater
971 1078 1048 1120 uxor

213 1135 283 1204 ‘Hic
304 1145 382 1205 lossa
404 1152 449 1204 est
470 1144 587 1220 ingens,
609 1143 657 1203 hic
679 1161 769 1223 rupes
791 1144 931 1204 maxima:
954 1135 1066 1206 serval'

215 1227 282 1288 Non
305 1229 397 1308 magis
419 1228 553 1302 audierit
577 1246 665 1306 quam
688 1229 790 1289 Fufius
813 1228 913 1290 ebrius
936 1230 1016 1302 olim,

217 1312 289 1374 Cum
312 1314 434 1374 llionam
459 1314 594 1386 edormit‚
618 1312 747 1374 Catienis
768 1314 848 1374 mille
869 1315 1005 1375 ducentis

214 1391 329 1473 ‘Mater,
353 1409 380 1458 te
402 1389 525 1478 adpello’
552 1398 755 1459 clamantibus.
800 1399 876 1458 Huic
898 1417 953 1479 ego
976 1401 1080 1480 volgus

216 1483 323 1544 Errori
341 1483 464 1545 similem
488 1494 629 1544 cunctum
653 1484 783 1544 insanire
806 1485 929 1544 docebo
954 1519 996 1528 —

215 1567 328 1630 lnsanit
349 1578 462 1629 veteres
484 1578 594 1630 statuas
617 1569 810 1648 damasippus
832 1569 973 1630 emendo:

213 1653 333 1756 Integer
355 1662 400 1715 est
421 1655 530 1714 mentis
551 1653 717 1734 Damasippi
741 1651 891 1714 creditor?
935 1655 1015 1715 Esto

213 1731 334 1837 ‘Accipe
359 1738 437 1817 quod
462 1757 622 1835 numquam
646 1740 750 1800 reddas
772 1734 853 1799 mibi'
878 1740 902 1801 si
925 1739 977 1800 tibi
1001 1740 1104 1814 dicam,

216 1824 330 1885 Tune'
323 1843 445 1886 insanus
467 1825 525 1884 eris
547 1825 571 1884 si
594 1825 752 1904 acceperis,
775 1843 813 1884 an
835 1825 928 1903 magis
950 1843 1055 1886 excors

217 1909 334 1970 Reiecta
357 1910 475 1989 praeda,
498 1928 586 1986 qnam
608 1927 750 1987 praesens
772 1910 937 1970 Mercurius
960 1907 1041 1970 lert?

215 1994 317 2055 Scribe
339 1995 441 2055 decem
463 2013 479 2053 a
502 1994 608 2055 Nerio:
633 2014 693 2054 non
718 2005 761 2055 est
782 1995 867 2070 satis;
890 1994 963 2056 adde
987 1995 1104 2056 Cicutae

215 2079 323 2142 Nodosi
346 2079 468 2150 tabulas,
491 2087 622 2153 centum,
645 2079 724 2139 mille
746 2079 819 2139 adde
841 2089 973 2141 catenas:

215 2163 344 2243 Effugiet
365 2171 463 2224 tamen
486 2164 558 2223 haec
581 2164 741 2225 sceleratus
761 2164 878 2226 vincula
902 2165 1035 2226 Proteus.

214 2250 287 2310 Cum
309 2249 407 2329 rapies
429 2248 459 2309 in
483 2248 529 2308 ius
552 2248 636 2309 malis
658 2249 802 2310 ridentem
826 2251 940 2323 alienis,

213 2334 278 2395 Fiet
299 2353 379 2413 aper,
403 2334 583 2407 monearis,
606 2333 694 2394 modo
717 2353 820 2396 saxum
842 2345 880 2407 et,
904 2354 971 2396 cum
996 2335 1082 2408 volet,
1105 2337 1149 2397 arb

214 2420 245 2479 Si
267 2421 343 2480 male
365 2438 428 2480 rem
450 2437 555 2497 gerere
577 2420 674 2480 insani
697 2430 749 2491 est,
773 2429 876 2480 contra
899 2421 975 2480 bene
999 2423 1073 2494 sani,

213 2505 347 2566 Putidius
368 2505 462 2565 multo
486 2504 641 2565 cerebrum
665 2514 719 2579 est,
741 2506 813 2565 mihi
836 2505 934 2578 crede,
958 2506 1064 2567 Perelli

212 2591 363 2665 luctantis,
387 2591 466 2669 quod
488 2598 520 2651 tu
543 2608 706 2669 numquam
728 2589 893 2651 rescribere
916 2591 1020 2670 possis.
1044 2627 1086 2636 -

212 2676 321 2737 Audire
343 2683 431 2755 atque
454 2685 552 2753 togam
575 2675 662 2736 iubeo
686 2694 876 2755 componere,
900 2677 1034 2754 quisquis

212 2762 379 2822 Ambitione
402 2760 476 2819 mala
498 2770 549 2820 aut
570 2761 685 2839 argenti
709 2761 798 2839 pallet
821 2780 932 2836 amore,

212 2846 351 2926 Quisquis
374 2845 490 2905 luxuria
512 2845 624 2905 tristive
647 2845 858 2923 superstitione

210 2932 269 2991 Aut
290 2932 345 2991 alio
369 2931 478 2991 mentis
501 2931 604 2990 morbo
627 2930 718 2991 calet:
741 2930 800 2992 buc
822 2932 945 3010 propius
968 2949 1025 3003 me,

211 3017 286 3075 Dum
308 3017 402 3076 doceo
424 3015 556 3076 insanire
579 3015 685 3088 omnis,
709 3034 760 3076 vos
783 3016 886 3076 ordine
908 3015 995 3076 adite.
1019 3052 1061 3062 -

211 3100 312 3160 Danda
334 3108 379 3161 est
400 3100 523 3160 ellebori
545 3101 637 3161 multo
659 3119 728 3180 pars
750 3101 874 3161 maxima
897 3102 1002 3161 avaris:

210 3185 315 3246 Nescio
337 3203 375 3244 an
398 3185 566 3264 Anticyram
590 3186 665 3246 ratio
687 3186 743 3247 illis
765 3187 893 3248 destinet
915 3204 1045 3246 omnem.

211 3269 342 3330 Heredes
364 3269 478 3330 Staberi
502 3289 645 3332 summam
668 3271 800 3332 incidere
823 3272 970 3350 sepulcro,

210 3355 245 3415 Ni
268 3355 311 3415 sic
333 3355 481 3429 iecissent,
505 3357 696 3436 gladiatorum
719 3356 789 3417 dare
811 3364 931 3418 centum

210 3439 346 3500 damnati
369 3441 480 3520 populo
502 3442 584 3520 paria
607 3451 694 3520 atque
718 3442 836 3523 epulum
859 3442 981 3502 arbitrio
1003 3442 1082 3515 Arri,

207 3622 279 3683 llio
299 3624 465 3690 scurrisque
492 3626 497 3690 Ι
525 3627 557 3676 57
583 3626 677 3688 amica,
704 3631 785 3677 mater
809 3627 930 3690 honesta,
957 3625 992 3676 al.
1019 3622 1066 3687 (cf.
1090 3627 1149 3689 Porp

125 3689 207 3740 anicla
225 3697 313 3755 mater,
333 3692 475 3743 Horlcetiua
492 3695 563 3744 anat.
583 3695 646 3747 Hor.
662 3710 689 3760 p
707 3697 808 3760 ldrqq.
823 3694 876 3761 162
894 3693 1000 3759 uulgum
1017 3697 1020 3758 Ι
1037 3695 1069 3744 70
1088 3692 1148 3743 tabu

124 3763 235 3823 centum,
253 3760 333 3824 mille]
352 3764 383 3810 ut
400 3764 454 3810 et
442 3776 501 3826 epse
517 3763 656 3812 volueram
673 3761 734 3813 AK:
760 3763 862 3814 tabulas
879 3767 990 3824 centum,
1009 3762 1080 3812 mille
1098 3776 1141 3826 og.

124 3824 198 3878 bulas
216 3832 326 3893 centnm,
345 3827 431 3893 mille,
451 3829 486 3884 al
513 3831 517 3892 Ι
545 3832 577 3881 72
596 3827 679 3881 ridens
697 3830 799 3897 Spapar
816 3803 1013 3883 observatiorem
1031 3835 1056 3880 et
1075 3845 1148 3881 aaran

124 3894 250 3960 tionaap.
269 3900 302 3949 40
314 3913 353 3962 aq.
369 3867 431 3965 ΙΊ5
441 3898 530 3963 parelli
548 3914 563 3948 o
582 3898 666 3964 perilli
684 3900 719 3963 (o)
