2640 4372
408 228 639 282 EPISTULARUM
657 229 676 282 11
696 234 719 283 1.
737 233 761 284 2.
1059 229 1120 287 219

132 403 169 463 Et
192 401 376 463 formidatam
399 403 514 464 Parthis
536 411 565 463 te
588 404 723 484 principe
746 404 880 478 Romam,

130 488 161 548 Si
185 498 328 566 quantum
351 506 490 567 cuperem
514 507 631 567 possem
655 507 791 568 quoque;
813 489 863 550 sed
880 508 978 569 neque
998 509 1119 571 parvum

131 573 255 634 Carmen
280 573 415 634 maiestas
437 574 543 652 recipit
564 582 614 633 tua
638 593 693 635 nec
716 592 800 635 meus
823 576 911 635 audet

130 658 203 719 Rem
227 668 371 737 temptare
393 658 499 737 pudor,
523 676 610 736 quam
634 660 710 720 vires
732 660 811 720 ierne
833 671 981 722 recusent.

130 743 276 804 Sedulitas
298 751 395 803 autem
419 743 507 804 stulte
530 762 617 822 quem
640 745 734 823 diligit
755 754 851 823 urget,
1077 757 1121 808 111

130 829 291 909 Praecipue
315 846 381 889 cum
404 847 436 888 se
459 829 591 889 numeris
614 829 801 890 commendat
824 840 854 891 et
875 839 954 905 arte3

130 913 221 974 Discit
244 913 323 973 enim
346 913 432 974 citius
455 913 648 992 meminitque
671 914 811 976 libentius
833 916 915 989 illud,

130 997 217 1068 Quod
240 998 306 1076 quis
328 997 450 1071 deridet,
473 1017 561 1076 qnam
584 1000 663 1078 quod
686 1000 794 1079 probat
816 1010 845 1063 et
866 1009 1034 1061 veneratur.

129 1083 176 1144 Nil
198 1101 300 1142 moror
323 1083 462 1157 officium,
487 1084 566 1162 qnod
588 1103 635 1146 me
658 1094 814 1164 gravatae
838 1105 934 1165 neque
957 1087 1026 1146 licto

130 1168 163 1229 ln
187 1168 272 1247 peius
292 1167 372 1228 voltu
394 1169 524 1248 proponi
547 1187 651 1231 cereus
672 1189 796 1249 usquam
1076 1181 1119 1232 261

129 1253 189 1314 Nec
212 1271 301 1332 prave
323 1253 407 1313 lactis
429 1253 563 1315 decorari
585 1256 719 1316 versibus
741 1265 822 1337 opto,

129 1338 172 1399 Ne
196 1338 318 1399 rubeam
342 1339 445 1417 pingui
469 1340 597 1400 donatus
619 1358 743 1401 munere
766 1350 795 1402 et
817 1359 876 1402 una

131 1422 203 1484 Cum
226 1423 371 1503 scriptore
394 1442 459 1484 meo
484 1443 571 1504 capsa
592 1435 749 1504 porrectus
771 1436 874 1505 operta

130 1508 253 1570 belerar
276 1508 306 1569 in
330 1508 426 1568 vicum
449 1511 625 1571 vendentem
648 1520 696 1572 tus
719 1521 749 1572 et
771 1512 878 1573 odores

130 1593 167 1653 Et
188 1594 274 1674 piper
296 1602 326 1654 et
348 1593 490 1672 quidquid
514 1596 623 1657 chartis
646 1596 782 1657 amicitur
803 1597 921 1677 ineptis.
1076 1608 1119 1657 270

564 1919 590 1978 ll

130 2034 225 2107 Flore,
249 2035 330 2096 bono
353 2036 492 2115 claroque
515 2037 608 2098 tidelis
630 2037 724 2099 amice
746 2037 867 2111 Neroni,

129 2119 227 2196 Siquis
249 2122 325 2182 forte
347 2121 416 2182 velit
436 2140 563 2203 puerum
585 2122 638 2182 tibi
661 2122 787 2183 vendere
810 2132 912 2183 natum

129 2204 240 2266 Tibure
261 2206 307 2266 vel
330 2206 439 2282 Gabiis,
462 2217 492 2268 et
513 2217 613 2269 tecum
636 2208 678 2270 sic
701 2215 766 2288 agat
785 2203 854 2268 ‘llic
878 2218 907 2269 et

131 2288 279 2352 Candidus
301 2300 331 2351 et
352 2292 427 2354 talos
450 2311 465 2352 a
488 2295 596 2353 vertice
619 2293 743 2374 pulcher
765 2293 800 2353 ad
823 2295 897 2354 imos

130 2374 195 2434 Fiet
217 2375 331 2452 eritque
353 2385 422 2437 tuus
445 2396 635 2438 nummorum
660 2377 778 2437 milibus
801 2385 878 2450 octo,
1105 2388 1119 2437 1

129 2459 226 2520 Verna
249 2460 419 2521 ministeriis
442 2462 476 2521 ad
500 2471 592 2522 nutus
613 2472 699 2540 aptus
722 2460 812 2532 arilia,
916 2503 919 2510 ·

129 2544 281 2604 litterulis
303 2543 422 2606 Graecis
444 2545 584 2614 imbutus,
606 2546 732 2606 idoneus
754 2545 808 2604 arti

130 2629 264 2702 Cuilibet,
287 2630 388 2708 argilla
411 2631 525 2709 quidvis
547 2631 707 2691 imitaberis
728 2629 802 2703 uda;

129 2714 207 2784 Quin
231 2715 318 2775 etiam
341 2726 428 2775 canet
450 2716 610 2789 indoctum,
633 2715 685 2776 sed
707 2714 791 2776 dulce
815 2713 939 2775 bibenti.

128 2799 219 2859 Multa
242 2799 329 2859 fidem
352 2801 496 2880 promissa
519 2801 626 2873 levant,
647 2799 699 2861 ubi
722 2799 839 2879 plenius
861 2818 956 2878 aequo
1091 2812 1120 2864 10

128 2884 241 2945 Laudat
263 2885 373 2946 venalis
397 2886 446 2964 qui
468 2886 529 2946 volt
550 2886 707 2946 extrudere
728 2885 845 2946 mercis.

128 2969 186 3029 Res
209 2978 295 3049 urget
316 2988 364 3030 me
387 2971 482 3031 nulla:
506 2989 572 3032 meo
594 2990 659 3032 sum
683 2988 795 3049 pauper
817 2971 847 3030 in
871 2988 948 3030 aere.

128 3054 220 3114 Nemo
244 3055 301 3115 boc
324 3074 507 3136 mangonum
529 3057 640 3117 laceret
661 3055 731 3129 tibi;
755 3074 817 3116 non
840 3063 951 3116 temere
974 3074 991 3116 a
1014 3075 1060 3118 me

129 3138 231 3209 Quivis
253 3140 345 3201 ferret
368 3142 453 3202 idem.
499 3142 596 3203 Semel
618 3142 666 3203 hic
689 3141 811 3201 cessavit
832 3149 870 3214 et,
894 3150 927 3201 ut
948 3142 990 3215 fit,

127 3223 160 3285 ln
186 3223 271 3285 scalis
293 3226 333 3285 lat
321 3226 378 3286 tuit
399 3236 534 3288 metuens
556 3226 714 3323 pendentis
736 3225 884 3301 habenae;
1091 3237 1119 3288 15

128 3309 186 3370 [tes
209 3327 356 3383 nummos,
380 3321 500 3392 excepta
523 3313 597 3372 nibil
619 3321 648 3372 te
671 3311 695 3372 si
718 3311 786 3407 iuga
809 3302 916 3386 laedit’,

126 3394 178 3455 llle
202 3394 277 3454 ierat
297 3395 426 3475 pretium
449 3415 562 3477 poenae
584 3414 708 3458 securus
731 3397 848 3475 opinor.

41 3549 249 3558 -———..—

126 3646 177 3697 lv.
196 3648 246 3699 tto
266 3646 353 3708 stulte
367 3661 441 3712 quem
454 3646 547 3713 diligit
560 3653 587 3697 et
598 3647 684 3712 stulte
703 3664 780 3715 quem
792 3647 884 3714 diligit
897 3648 933 3700 al.
950 3647 1020 3715 1162
1035 3647 1118 3699 discet

40 3715 78 3766 B⁰
93 3715 97 3778 ἱ
113 3717 233 3835 8113poa
241 3717 393 3846 rigiratus]
406 3805 439 3826 ==
451 3783 498 3834 B0:
523 3783 664 3835 imitabitur
681 3784 717 3847 (o)
735 3783 891 3835 imitabimur
908 3785 943 3847 (a)
959 3784 963 3849 Ι
981 3787 1010 3836 11
1032 3783 1117 3834 exclu-

41 3850 101 3903 dere
121 3855 164 3916 (==
181 3851 231 3914 1111
265 3852 269 3915 1
304 3853 334 3902 15
352 3868 389 3916 eq.
408 3845 538 3902 habenae.
558 3851 622 3903 des.
636 3849 734 3903 ,laedit
752 3854 781 3913 (a.
800 3850 902 3916 laedat),
920 3853 975 3917 (aa)
965 3851 1036 3917 lille
1055 3851 1090 3903 ol.
1109 3849 1114 3919 1

45 3918 787 3986 1611111111Β11υ1ι11ει1111111111ιιιιι.ορίιιοι,α1.
