2640 4372
451 182 667 238 sarrnanulll
687 188 710 237 l.
730 187 753 239 8.

155 360 298 441 Expressa
321 361 442 420 arbusto
465 360 575 437 regerit
597 358 737 430 convicia,
760 357 852 418 durus

154 446 355 507 vindemiator
377 455 404 504 ct
428 445 563 515 invictus,
586 445 634 505 cui
656 461 743 522 saepe
766 444 860 503 viator

154 530 293 592 Cessisset
314 548 421 609 magna
444 529 625 608 compellans
647 547 718 589 voce
740 528 889 588 cuculum.

153 617 188 677 At
210 616 349 689 Graecus,
373 625 529 694 postquam
552 622 597 674 est
618 614 690 674 ltalo
713 615 850 692 perfusus
873 621 966 687 aceto,

153 701 272 763 Persius
294 701 452 762 exclamat:
471 693 541 778 ‘per
561 718 696 777 magnos,
720 699 820 770 Brute,
844 699 915 759 deos
936 709 965 758 te

155 786 224 860 Oro,
249 787 299 866 qui
322 805 407 865 reges
429 785 585 846 consueris
605 784 720 856 tollere,
743 801 798 844 cur
821 803 881 844 non

153 871 239 933 Hunc
262 872 374 951 Regem
396 867 533 949 iugulas?
556 888 680 949 operum
703 870 769 942 boc,
792 869 862 928 mibi
886 869 984 970 crede,³

780 963 900 1014 tuorum
923 963 976 1015 est.

528 1040 681 1050 ..——-—-

570 1174 634 1233 Vlll

154 1295 231 1356 Olim
253 1302 379 1355 truncus
401 1311 482 1354 eram
505 1293 641 1363 ficulnus,
665 1293 770 1354 inutile
792 1294 915 1372 lignum,

152 1380 226 1442 Cum
249 1379 340 1452 labor,
363 1379 495 1439 incertus
516 1396 670 1439 scamnum
693 1380 843 1439 faceretne
866 1378 1015 1457 Priapum,

153 1465 255 1526 Maluit
276 1482 340 1526 esse
364 1464 467 1524 deum:
490 1462 563 1523 deus
585 1463 654 1523 inde
678 1481 742 1540 ego,
766 1465 864 1524 lurum
886 1465 1040 1542 aviumque

153 1550 276 1611 blaxime
299 1549 441 1621 lormido;
466 1567 534 1609 nam
557 1548 637 1608 iures
660 1549 760 1608 dextra
783 1559 901 1609 coercet

154 1635 368 1713 Obscaenoque
390 1633 481 1693 ruber
501 1644 658 1712 porrectus
680 1633 716 1693 ab
739 1634 862 1712 inguine
885 1634 978 1713 polus,

153 1721 205 1782 Ast
227 1721 411 1799 importunas
433 1718 559 1779 volucris
582 1719 611 1778 in
636 1720 743 1779 vertice
766 1719 900 1779 harundo

153 1805 259 1867 Terret
280 1806 337 1866 lixa
358 1815 494 1881 rotatque
517 1804 600 1863 novis
623 1805 778 1864 considere
801 1805 832 1863 in
856 1804 958 1865 bortis.

154 1891 218 1952 Huc
241 1890 323 1970 prins
346 1890 478 1968 angustis
500 1890 592 1949 eiecta
615 1890 753 1949 cadavera
776 1889 857 1950 cellis

154 1975 321 2037 Conservus
340 1975 389 2034 vili
411 1975 557 2053 portanda
579 1975 693 2035 locabat
716 1975 744 2035 in
768 1993 852 2049 arca;

153 2060 217 2123 Hoc
239 2061 364 2121 miserae
387 2060 465 2138 plebi
488 2060 584 2120 stabat
606 2079 765 2120 commuue
787 2060 965 2139 sepulcrum,

154 2145 316 2208 Pantolabo
339 2164 458 2206 scurrae
480 2144 727 2223 Nomentanoque
751 2146 861 2224 nepoti.

154 2231 231 2292 blillc
254 2230 344 2309 pedes
366 2232 397 2291 in
421 2232 527 2300 fronte,
550 2239 701 2291 trecentos
724 2233 828 2310 cippus
851 2231 881 2291 in
905 2249 1007 2310 agrum

155 2315 208 2377 llic
230 2315 326 2388 dabat,
349 2315 473 2376 heredes
495 2325 721 2376 monumentum
746 2336 783 2377 ne
806 2327 990 2394 sequeretur.

154 2400 240 2462 Nunc
262 2402 330 2460 licet
352 2400 490 2478 Esquiliis
512 2401 643 2461 babitare
666 2400 833 2461 salubribus
856 2410 943 2478 atque

154 2487 268 2565 Aggere
291 2486 320 2545 in
345 2486 445 2564 aprico
469 2487 598 2564 spatiari,
622 2504 680 2562 qua
702 2484 790 2544 modo
813 2485 910 2544 tristes

154 2570 235 2632 libis
258 2571 416 2631 inlormom
439 2571 613 2649 spectabant
635 2569 752 2629 ossibus
774 2587 892 2647 agrum3

154 2655 226 2716 Cum
248 2654 319 2714 mibi
343 2675 403 2715 non
427 2664 540 2715 tantum
564 2657 703 2732 furesque
727 2655 864 2731 feraeque
887 2663 986 2713 suetae

153 2741 241 2801 llunc
262 2758 366 2799 vexare
389 2742 487 2800 locum
510 2759 598 2801 curae
621 2750 691 2800 sunt
714 2750 802 2817 atque
825 2738 927 2808 labori,

153 2825 302 2896 Quantum
326 2826 506 2886 carminibus
528 2845 602 2904 quae
625 2835 741 2886 versant
763 2834 851 2902 atque
874 2824 996 2884 venenis

152 2909 306 2971 Humanos
328 2911 452 2971 animos.
498 2911 556 2972 Has
578 2911 660 2970 nullo
684 2911 808 2989 perdere
831 2928 952 2988 possum

152 2994 212 3056 Nec
234 2995 394 3075 probibere
417 2997 513 3067 modo,
537 2997 624 3056 simul
647 3014 680 3055 ac
703 3013 773 3074 vaga
796 2995 866 3055 luna
889 2995 1028 3054 decorum

152 3079 278 3141 Protulit
300 3101 343 3153 os,
366 3081 437 3158 quin
462 3100 527 3142 ossa
550 3082 648 3160 legant
672 3081 836 3159 herbasque
859 3080 1005 3142 nocentis.

152 3163 216 3225 Vidi
238 3175 355 3242 egomet
379 3167 461 3243 nigra
483 3167 662 3227 succinctam
686 3167 790 3226 vadere
811 3166 888 3244 palla

153 3248 312 3322 Canidiam,
335 3251 460 3328 pedibus
484 3251 569 3311 nudis
592 3269 738 3329 passoque
761 3251 876 3329 capillo,

152 3334 224 3395 Cum
248 3335 362 3413 Sagana
384 3337 495 3396 maiore
518 3336 695 3408 ululantem;
719 3336 814 3413 pallor
835 3345 975 3413 utrasque

151 3418 273 3480 Fecerat
294 3421 457 3481 horrendas
479 3421 629 3499 adspectu.
675 3420 813 3499 Scalpcre
836 3429 944 3480 terram

107 3555 270 3564 ..---——

153 3671 206 3723 lllll
224 3689 247 3724 u.
267 3674 281 3721 l
299 3671 409 3723 insidere
425 3672 430 3737 Ι
449 3676 476 3724 11
488 3689 527 3737 eq.
547 3673 635 3736 nepoti
658 3672 729 3723 mille
746 3673 857 3736 Porpb.;
876 3671 910 3723 Μ.
930 3672 1083 3734 Petschenig
1102 3668 1137 3728 of.

107 3746 115 3792 l.
135 3755 230 3807 gpmn.
256 3740 345 3790 Auotr.
369 3757 394 3793 o.
414 3741 478 3791 lert
503 3757 528 3805 p.
554 3742 601 3792 126
629 3741 632 3805 l
661 3744 692 3793 13
720 3741 768 3790 boc
792 3739 869 3790 dabat
887 3737 994 3789 heredes
1011 3754 1044 3789 m.
1063 3739 1087 3791 J.
1108 3737 1135 3789 S.

107 3825 166 3878 oper
184 3811 284 3860 obsec.
303 3813 329 3857 ot
345 3808 446 3858 emend.
461 3824 488 3874 p.
502 3811 581 3874 utiq.
602 3810 606 3872 Ι
627 3809 717 3867 dabat;
730 3808 780 3858 alil
799 3806 804 3876 Ι
827 3810 858 3861 14
869 3806 995 3859 salubrius
1014 3809 1047 3857 oi.
1066 3805 1105 3857 Me
1127 3808 1132 3867 1

117 3876 179 3945 qna]
198 3876 298 3926 Boutt:
318 3877 390 3943 quo}
407 3878 437 3928 18
456 3877 579 3942 sint(qu
597 3879 627 3929 19
647 3881 741 3928 nexant
758 3874 794 3943 (o)

114 3968 231 4011 Horatiae.
904 3961 935 4009 10
