<?xml version="1.0" encoding="UTF-8"?>
<!DOCTYPE html PUBLIC "-//W3C//DTD XHTML 1.0 Transitional//EN"
    "http://www.w3.org/TR/xhtml1/DTD/xhtml1-transitional.dtd">
<html xmlns="http://www.w3.org/1999/xhtml" xml:lang="en" lang="en">
 <head>
  <title>
</title>
<meta http-equiv="Content-Type" content="text/html;charset=utf-8" />
  <meta name='ocr-system' content='tesseract 3.04.00' />
  <meta name='ocr-capabilities' content='ocr_page ocr_carea ocr_par ocr_line ocrx_word'/>
</head>
<body>
  <div class='ocr_page' id='page_1' title='image "./qhoratiiflaccic01hertgoog_0103.png"; bbox 0 0 2640 4372; ppageno 0'>
   <div class='ocr_carea' id='block_1_1' title="bbox 504 221 812 277">
    <p class='ocr_par' dir='ltr' id='par_1_1' title="bbox 504 221 812 277">
     <span class='ocr_line' id='line_1_1' title="bbox 504 221 812 277; baseline 0.013 -4"><span class='ocrx_word' id='word_1_1' title='bbox 504 221 678 274; x_wconf 72' lang='lat' dir='ltr'><strong>chaumont</strong></span> <span class='ocrx_word' id='word_1_2' title='bbox 694 223 727 274; x_wconf 89' lang='lat' dir='ltr'><strong>tv</strong></span> <span class='ocrx_word' id='word_1_3' title='bbox 746 227 769 277; x_wconf 87' lang='grc'><strong>6.</strong></span> <span class='ocrx_word' id='word_1_4' title='bbox 789 229 812 277; x_wconf 78' lang='grc' dir='ltr'><strong>ἵ.</strong></span> 
     </span>
    </p>
   </div>
   <div class='ocr_carea' id='block_1_2' title="bbox 248 385 838 708">
    <p class='ocr_par' dir='ltr' id='par_1_2' title="bbox 248 385 838 473">
     <span class='ocr_line' id='line_1_2' title="bbox 248 385 838 473; baseline 0.007 -21"><span class='ocrx_word' id='word_1_5' title='bbox 248 391 345 473; x_wconf 76' lang='lat' dir='ltr'><strong>Nupta</strong></span> <span class='ocrx_word' id='word_1_6' title='bbox 367 393 424 452; x_wconf 88' lang='lat' dir='ltr'><strong>iam</strong></span> <span class='ocrx_word' id='word_1_7' title='bbox 447 393 525 453; x_wconf 87' lang='lat' dir='ltr'><strong>dices</strong></span> <span class='ocrx_word' id='word_1_8' title='bbox 545 385 614 470; x_wconf 83' lang='lat' dir='ltr'><strong>‘ego</strong></span> <span class='ocrx_word' id='word_1_9' title='bbox 637 395 681 456; x_wconf 92' lang='lat' dir='ltr'><strong>dis</strong></span> <span class='ocrx_word' id='word_1_10' title='bbox 703 396 838 469; x_wconf 90' lang='lat' dir='ltr'><strong>amicum,</strong></span> 
     </span>
    </p>

    <p class='ocr_par' dir='ltr' id='par_1_3' title="bbox 250 478 768 555">
     <span class='ocr_line' id='line_1_3' title="bbox 250 478 768 555; baseline 0.01 -19"><span class='ocrx_word' id='word_1_11' title='bbox 250 478 375 539; x_wconf 88' lang='lat' dir='ltr'><strong>Saeculo</strong></span> <span class='ocrx_word' id='word_1_12' title='bbox 397 479 486 538; x_wconf 84' lang='lat' dir='ltr'><strong>festas</strong></span> <span class='ocrx_word' id='word_1_13' title='bbox 508 479 655 540; x_wconf 73' lang='lat' dir='ltr'><strong>referente</strong></span> <span class='ocrx_word' id='word_1_14' title='bbox 678 481 768 555; x_wconf 88' lang='lat' dir='ltr'><strong>luces,</strong></span> 
     </span>
    </p>

    <p class='ocr_par' dir='ltr' id='par_1_4' title="bbox 250 563 818 708">
     <span class='ocr_line' id='line_1_4' title="bbox 250 563 818 627; baseline 0.007 -4"><span class='ocrx_word' id='word_1_15' title='bbox 250 563 374 623; x_wconf 89' lang='lat' dir='ltr'><strong>Reddidi</strong></span> <span class='ocrx_word' id='word_1_16' title='bbox 396 580 514 623; x_wconf 91' lang='lat' dir='ltr'><strong>carmen</strong></span> <span class='ocrx_word' id='word_1_17' title='bbox 538 563 641 625; x_wconf 92' lang='lat' dir='ltr'><strong>docilis</strong></span> <span class='ocrx_word' id='word_1_18' title='bbox 663 566 818 627; x_wconf 92' lang='lat' dir='ltr'><strong>modorum</strong></span> 
     </span>
     <span class='ocr_line' id='line_1_5' title="bbox 325 642 547 708; baseline 0.014 -4"><span class='ocrx_word' id='word_1_19' title='bbox 325 649 404 708; x_wconf 91' lang='lat' dir='ltr'><strong>Vatis</strong></span> <span class='ocrx_word' id='word_1_20' title='bbox 426 642 547 708; x_wconf 62' lang='lat' dir='ltr'><strong>Horati?</strong></span> 
     </span>
    </p>
   </div>
   <div class='ocr_carea' id='block_1_3' title="bbox 586 786 736 797">
    <p class='ocr_par' dir='ltr' id='par_1_5' title="bbox 586 786 736 797">
     <span class='ocr_line' id='line_1_6' title="bbox 586 786 736 797; baseline 0.02 -3"><span class='ocrx_word' id='word_1_21' title='bbox 586 786 736 797; x_wconf 82' lang='lat'><strong>—-—</strong></span> 
     </span>
    </p>
   </div>
   <div class='ocr_carea' id='block_1_4' title="bbox 251 1052 1029 1138">
    <p class='ocr_par' dir='ltr' id='par_1_6' title="bbox 251 1052 1029 1138">
     <span class='ocr_line' id='line_1_7' title="bbox 251 1052 1029 1138; baseline 0.01 -27"><span class='ocrx_word' id='word_1_22' title='bbox 251 1052 401 1134; x_wconf 84' lang='lat' dir='ltr'><strong>Dillugere</strong></span> <span class='ocrx_word' id='word_1_23' title='bbox 423 1056 513 1129; x_wconf 86' lang='lat' dir='ltr'><strong>nives,</strong></span> <span class='ocrx_word' id='word_1_24' title='bbox 536 1052 663 1117; x_wconf 89' lang='lat' dir='ltr'><strong>redeunt</strong></span> <span class='ocrx_word' id='word_1_25' title='bbox 685 1059 741 1119; x_wconf 93' lang='lat' dir='ltr'><strong>iam</strong></span> <span class='ocrx_word' id='word_1_26' title='bbox 764 1060 895 1136; x_wconf 85' lang='lat' dir='ltr'><strong>gramina</strong></span> <span class='ocrx_word' id='word_1_27' title='bbox 918 1059 1029 1138; x_wconf 90' lang='lat' dir='ltr'><strong>campis</strong></span> 
     </span>
    </p>
   </div>
   <div class='ocr_carea' id='block_1_5' title="bbox 176 1141 1096 3411">
    <p class='ocr_par' dir='ltr' id='par_1_7' title="bbox 176 1141 1096 3411">
     <span class='ocr_line' id='line_1_8' title="bbox 297 1141 653 1219; baseline 0.006 -21"><span class='ocrx_word' id='word_1_28' title='bbox 297 1141 520 1219; x_wconf 84' lang='lat' dir='ltr'><strong>Arboribusque</strong></span> <span class='ocrx_word' id='word_1_29' title='bbox 543 1159 653 1213; x_wconf 91' lang='lat' dir='ltr'><strong>comae,</strong></span> 
     </span>
     <span class='ocr_line' id='line_1_9' title="bbox 250 1223 917 1308; baseline 0.007 -24"><span class='ocrx_word' id='word_1_30' title='bbox 250 1223 343 1285; x_wconf 87' lang='lat' dir='ltr'><strong>Mutat</strong></span> <span class='ocrx_word' id='word_1_31' title='bbox 363 1236 442 1286; x_wconf 89' lang='lat' dir='ltr'><strong>terra</strong></span> <span class='ocrx_word' id='word_1_32' title='bbox 463 1226 541 1286; x_wconf 89' lang='lat' dir='ltr'><strong>vices</strong></span> <span class='ocrx_word' id='word_1_33' title='bbox 564 1236 593 1285; x_wconf 91' lang='lat' dir='ltr'><strong>et</strong></span> <span class='ocrx_word' id='word_1_34' title='bbox 615 1227 814 1289; x_wconf 82' lang='lat' dir='ltr'>decrescentia</span> <span class='ocrx_word' id='word_1_35' title='bbox 837 1229 917 1308; x_wconf 85' lang='lat' dir='ltr'>ripas</span> 
     </span>
     <span class='ocr_line' id='line_1_10' title="bbox 291 1311 655 1391; baseline -0.008 -17"><span class='ocrx_word' id='word_1_36' title='bbox 291 1311 432 1374; x_wconf 71' lang='lat' dir='ltr'><strong>,Flumina</strong></span> <span class='ocrx_word' id='word_1_37' title='bbox 454 1318 655 1391; x_wconf 88' lang='lat' dir='ltr'><strong>praetereunt,</strong></span> 
     </span>
     <span class='ocr_line' id='line_1_11' title="bbox 194 1396 1094 1475; baseline 0.008 -25"><span class='ocrx_word' id='word_1_38' title='bbox 194 1402 208 1450; x_wconf 85' lang='lat'><strong>5</strong></span> <span class='ocrx_word' id='word_1_39' title='bbox 253 1397 349 1456; x_wconf 81' lang='lat' dir='ltr'><strong>Gratia</strong></span> <span class='ocrx_word' id='word_1_40' title='bbox 372 1414 439 1456; x_wconf 89' lang='lat' dir='ltr'><strong>cum</strong></span> <span class='ocrx_word' id='word_1_41' title='bbox 462 1396 604 1475; x_wconf 79' lang='lat' dir='ltr'>Nymphis</span> <span class='ocrx_word' id='word_1_42' title='bbox 626 1398 810 1475; x_wconf 80' lang='lat' dir='ltr'><strong>geminisque</strong></span> <span class='ocrx_word' id='word_1_43' title='bbox 832 1398 984 1459; x_wconf 87' lang='lat' dir='ltr'><strong>sororibus</strong></span> <span class='ocrx_word' id='word_1_44' title='bbox 1007 1399 1094 1459; x_wconf 89' lang='lat' dir='ltr'><strong>audet</strong></span> 
     </span>
     <span class='ocr_line' id='line_1_12' title="bbox 298 1480 653 1543; baseline 0.003 -3"><span class='ocrx_word' id='word_1_45' title='bbox 298 1480 413 1541; x_wconf 87' lang='lat' dir='ltr'><strong>Ducere</strong></span> <span class='ocrx_word' id='word_1_46' title='bbox 436 1481 514 1541; x_wconf 90' lang='lat' dir='ltr'><strong>nuda</strong></span> <span class='ocrx_word' id='word_1_47' title='bbox 537 1482 653 1543; x_wconf 90' lang='lat' dir='ltr'><strong>choros.</strong></span> 
     </span>
     <span class='ocr_line' id='line_1_13' title="bbox 249 1565 1036 1645; baseline 0.005 -21"><span class='ocrx_word' id='word_1_48' title='bbox 249 1565 418 1627; x_wconf 74' lang='lat' dir='ltr'><strong>inmortalia</strong></span> <span class='ocrx_word' id='word_1_49' title='bbox 441 1585 479 1626; x_wconf 92' lang='lat' dir='ltr'><strong>ne</strong></span> <span class='ocrx_word' id='word_1_50' title='bbox 501 1585 611 1645; x_wconf 84' lang='lat' dir='ltr'>speres,</span> <span class='ocrx_word' id='word_1_51' title='bbox 635 1576 735 1627; x_wconf 92' lang='lat' dir='ltr'><strong>monet</strong></span> <span class='ocrx_word' id='word_1_52' title='bbox 758 1585 855 1628; x_wconf 93' lang='lat' dir='ltr'><strong>annus</strong></span> <span class='ocrx_word' id='word_1_53' title='bbox 877 1577 907 1627; x_wconf 91' lang='lat' dir='ltr'><strong>et</strong></span> <span class='ocrx_word' id='word_1_54' title='bbox 927 1567 1036 1628; x_wconf 90' lang='lat' dir='ltr'><strong>almum</strong></span> 
     </span>
     <span class='ocr_line' id='line_1_14' title="bbox 298 1651 680 1729; baseline 0.003 -19"><span class='ocrx_word' id='word_1_55' title='bbox 298 1651 379 1721; x_wconf 84' lang='lat' dir='ltr'><strong>Quae</strong></span> <span class='ocrx_word' id='word_1_56' title='bbox 401 1651 478 1729; x_wconf 92' lang='lat' dir='ltr'><strong>rapit</strong></span> <span class='ocrx_word' id='word_1_57' title='bbox 499 1652 572 1711; x_wconf 89' lang='lat' dir='ltr'><strong>hora</strong></span> <span class='ocrx_word' id='word_1_58' title='bbox 594 1651 680 1711; x_wconf 91' lang='lat' dir='ltr'><strong>diem.</strong></span> 
     </span>
     <span class='ocr_line' id='line_1_15' title="bbox 250 1734 1060 1816; baseline 0.004 -22"><span class='ocrx_word' id='word_1_59' title='bbox 250 1734 371 1814; x_wconf 83' lang='lat' dir='ltr'><strong>Frigora</strong></span> <span class='ocrx_word' id='word_1_60' title='bbox 394 1736 554 1796; x_wconf 87' lang='lat' dir='ltr'><strong>mitescunt</strong></span> <span class='ocrx_word' id='word_1_61' title='bbox 576 1735 726 1816; x_wconf 88' lang='lat' dir='ltr'><strong>Zephyris,</strong></span> <span class='ocrx_word' id='word_1_62' title='bbox 748 1756 799 1796; x_wconf 84' lang='lat' dir='ltr'><strong>ver</strong></span> <span class='ocrx_word' id='word_1_63' title='bbox 821 1737 946 1815; x_wconf 87' lang='lat' dir='ltr'><strong>proterit</strong></span> <span class='ocrx_word' id='word_1_64' title='bbox 967 1746 1060 1798; x_wconf 87' lang='lat' dir='ltr'><strong>aestas</strong></span> 
     </span>
     <span class='ocr_line' id='line_1_16' title="bbox 178 1820 569 1893; baseline 0.008 -17"><span class='ocrx_word' id='word_1_65' title='bbox 178 1827 206 1877; x_wconf 87' lang='lat'><strong>10</strong></span> <span class='ocrx_word' id='word_1_66' title='bbox 290 1820 458 1893; x_wconf 88' lang='lat' dir='ltr'><strong>Interitura,</strong></span> <span class='ocrx_word' id='word_1_67' title='bbox 481 1821 569 1881; x_wconf 92' lang='lat' dir='ltr'><strong>simul</strong></span> 
     </span>
     <span class='ocr_line' id='line_1_17' title="bbox 247 1904 979 1984; baseline 0.001 -20"><span class='ocrx_word' id='word_1_68' title='bbox 247 1904 377 1965; x_wconf 85' lang='lat' dir='ltr'><strong>Pomiler</strong></span> <span class='ocrx_word' id='word_1_69' title='bbox 398 1915 557 1965; x_wconf 91' lang='lat' dir='ltr'><strong>autumnus</strong></span> <span class='ocrx_word' id='word_1_70' title='bbox 579 1906 679 1984; x_wconf 85' lang='lat' dir='ltr'><strong>lruges</strong></span> <span class='ocrx_word' id='word_1_71' title='bbox 703 1906 838 1967; x_wconf 83' lang='lat' dir='ltr'><strong>effuderit</strong></span> <span class='ocrx_word' id='word_1_72' title='bbox 860 1917 889 1966; x_wconf 92' lang='lat' dir='ltr'><strong>et</strong></span> <span class='ocrx_word' id='word_1_73' title='bbox 911 1924 979 1965; x_wconf 80' lang='lat' dir='ltr'><strong>mox</strong></span> 
     </span>
     <span class='ocr_line' id='line_1_18' title="bbox 297 1989 665 2052; baseline 0.005 -4"><span class='ocrx_word' id='word_1_74' title='bbox 297 1989 405 2049; x_wconf 84' lang='lat' dir='ltr'><strong>Bruma</strong></span> <span class='ocrx_word' id='word_1_75' title='bbox 428 1990 554 2050; x_wconf 83' lang='lat' dir='ltr'><strong>recurrit</strong></span> <span class='ocrx_word' id='word_1_76' title='bbox 576 1991 665 2052; x_wconf 91' lang='lat' dir='ltr'><strong>iners.</strong></span> 
     </span>
     <span class='ocr_line' id='line_1_19' title="bbox 227 2072 1061 2155; baseline 0.005 -22"><span class='ocrx_word' id='word_1_77' title='bbox 227 2072 362 2142; x_wconf 81' lang='lat' dir='ltr'><strong>‚Damna</strong></span> <span class='ocrx_word' id='word_1_78' title='bbox 384 2084 482 2134; x_wconf 90' lang='lat' dir='ltr'><strong>tamon</strong></span> <span class='ocrx_word' id='word_1_79' title='bbox 507 2074 618 2135; x_wconf 88' lang='lat' dir='ltr'>celeres</span> <span class='ocrx_word' id='word_1_80' title='bbox 639 2087 779 2155; x_wconf 92' lang='lat' dir='ltr'><strong>reparant</strong></span> <span class='ocrx_word' id='word_1_81' title='bbox 801 2076 936 2137; x_wconf 88' lang='lat' dir='ltr'><strong>caelestia</strong></span> <span class='ocrx_word' id='word_1_82' title='bbox 958 2077 1061 2137; x_wconf 86' lang='lat' dir='ltr'><strong>lunae:</strong></span> 
     </span>
     <span class='ocr_line' id='line_1_20' title="bbox 298 2158 625 2232; baseline 0.006 -14"><span class='ocrx_word' id='word_1_83' title='bbox 298 2158 357 2220; x_wconf 91' lang='lat' dir='ltr'><strong>Nos</strong></span> <span class='ocrx_word' id='word_1_84' title='bbox 380 2159 430 2219; x_wconf 83' lang='lat' dir='ltr'><strong>uni</strong></span> <span class='ocrx_word' id='word_1_85' title='bbox 454 2159 625 2232; x_wconf 80' lang='lat' dir='ltr'><strong>decidimus,</strong></span> 
     </span>
     <span class='ocr_line' id='line_1_21' title="bbox 180 2243 1061 2322; baseline 0.007 -22"><span class='ocrx_word' id='word_1_86' title='bbox 180 2251 207 2301; x_wconf 78' lang='lat'><strong>15</strong></span> <span class='ocrx_word' id='word_1_87' title='bbox 253 2243 318 2313; x_wconf 84' lang='lat' dir='ltr'><strong>Quo</strong></span> <span class='ocrx_word' id='word_1_88' title='bbox 341 2252 424 2322; x_wconf 88' lang='lat' dir='ltr'><strong>pater</strong></span> <span class='ocrx_word' id='word_1_89' title='bbox 446 2247 569 2316; x_wconf 85' lang='lat' dir='ltr'><strong>Aeneas,</strong></span> <span class='ocrx_word' id='word_1_90' title='bbox 592 2264 651 2322; x_wconf 90' lang='lat' dir='ltr'><strong>quo</strong></span> <span class='ocrx_word' id='word_1_91' title='bbox 674 2246 776 2306; x_wconf 92' lang='lat' dir='ltr'><strong>Tullus</strong></span> <span class='ocrx_word' id='word_1_92' title='bbox 799 2246 877 2307; x_wconf 90' lang='lat' dir='ltr'><strong>dives</strong></span> <span class='ocrx_word' id='word_1_93' title='bbox 900 2256 928 2306; x_wconf 90' lang='lat' dir='ltr'><strong>et</strong></span> <span class='ocrx_word' id='word_1_94' title='bbox 949 2249 1061 2319; x_wconf 66' lang='lat' dir='ltr'><strong>Ancus</strong></span> 
     </span>
     <span class='ocr_line' id='line_1_22' title="bbox 295 2328 769 2391; baseline 0.008 -4"><span class='ocrx_word' id='word_1_95' title='bbox 295 2328 392 2390; x_wconf 87' lang='lat' dir='ltr'><strong>Pulvis</strong></span> <span class='ocrx_word' id='word_1_96' title='bbox 416 2339 445 2388; x_wconf 92' lang='lat' dir='ltr'><strong>et</strong></span> <span class='ocrx_word' id='word_1_97' title='bbox 468 2329 571 2390; x_wconf 90' lang='lat' dir='ltr'><strong>umbra</strong></span> <span class='ocrx_word' id='word_1_98' title='bbox 594 2349 704 2391; x_wconf 86' lang='lat' dir='ltr'><strong>sumus</strong></span> <span class='ocrx_word' id='word_1_99' title='bbox 728 2367 769 2376; x_wconf 92' lang='lat'><em>-</em></span> 
     </span>
     <span class='ocr_line' id='line_1_23' title="bbox 250 2412 1096 2482; baseline 0.006 -10"><span class='ocrx_word' id='word_1_100' title='bbox 250 2412 322 2482; x_wconf 85' lang='lat' dir='ltr'><strong>Quis</strong></span> <span class='ocrx_word' id='word_1_101' title='bbox 345 2414 400 2475; x_wconf 90' lang='lat' dir='ltr'><strong>scit</strong></span> <span class='ocrx_word' id='word_1_102' title='bbox 422 2433 458 2474; x_wconf 95' lang='lat' dir='ltr'><strong>an</strong></span> <span class='ocrx_word' id='word_1_103' title='bbox 482 2415 608 2475; x_wconf 90' lang='lat' dir='ltr'><strong>adiciant</strong></span> <span class='ocrx_word' id='word_1_104' title='bbox 630 2416 790 2476; x_wconf 83' lang='lat' dir='ltr'><strong>hodiernae</strong></span> <span class='ocrx_word' id='word_1_105' title='bbox 812 2415 939 2476; x_wconf 84' lang='lat' dir='ltr'><strong>crastina</strong></span> <span class='ocrx_word' id='word_1_106' title='bbox 961 2435 1096 2477; x_wconf 90' lang='lat' dir='ltr'><strong>summae</strong></span> 
     </span>
     <span class='ocr_line' id='line_1_24' title="bbox 298 2499 640 2579; baseline 0.003 -20"><span class='ocrx_word' id='word_1_107' title='bbox 298 2500 445 2579; x_wconf 86' lang='lat' dir='ltr'><strong>Tempora</strong></span> <span class='ocrx_word' id='word_1_108' title='bbox 466 2500 494 2560; x_wconf 96' lang='lat' dir='ltr'><strong>di</strong></span> <span class='ocrx_word' id='word_1_109' title='bbox 518 2499 640 2579; x_wconf 77' lang='lat' dir='ltr'><strong>superi?</strong></span> 
     </span>
     <span class='ocr_line' id='line_1_25' title="bbox 249 2582 1010 2664; baseline 0.005 -22"><span class='ocrx_word' id='word_1_110' title='bbox 249 2582 361 2645; x_wconf 84' lang='lat' dir='ltr'><strong>Cuncta</strong></span> <span class='ocrx_word' id='word_1_111' title='bbox 384 2604 490 2646; x_wconf 93' lang='lat' dir='ltr'><strong>manus</strong></span> <span class='ocrx_word' id='word_1_112' title='bbox 512 2586 609 2647; x_wconf 89' lang='lat' dir='ltr'><strong>avidas</strong></span> <span class='ocrx_word' id='word_1_113' title='bbox 630 2585 745 2664; x_wconf 84' lang='lat' dir='ltr'><strong>fugient</strong></span> <span class='ocrx_word' id='word_1_114' title='bbox 767 2585 893 2657; x_wconf 90' lang='lat' dir='ltr'><strong>heredis,</strong></span> <span class='ocrx_word' id='word_1_115' title='bbox 916 2585 1010 2646; x_wconf 86' lang='lat' dir='ltr'><strong>amico</strong></span> 
     </span>
     <span class='ocr_line' id='line_1_26' title="bbox 176 2669 639 2740; baseline 0.009 -14"><span class='ocrx_word' id='word_1_116' title='bbox 176 2677 205 2726; x_wconf 71' lang='lat' dir='ltr'><strong>tc</strong></span> <span class='ocrx_word' id='word_1_117' title='bbox 291 2670 372 2740; x_wconf 84' lang='lat' dir='ltr'><strong>Quae</strong></span> <span class='ocrx_word' id='word_1_118' title='bbox 395 2669 509 2731; x_wconf 89' lang='lat' dir='ltr'><strong>dederis</strong></span> <span class='ocrx_word' id='word_1_119' title='bbox 531 2672 639 2731; x_wconf 91' lang='lat' dir='ltr'><strong>animo.</strong></span> 
     </span>
     <span class='ocr_line' id='line_1_27' title="bbox 250 2754 1059 2832; baseline 0.004 -19"><span class='ocrx_word' id='word_1_120' title='bbox 250 2754 321 2814; x_wconf 83' lang='lat' dir='ltr'><strong>Cum</strong></span> <span class='ocrx_word' id='word_1_121' title='bbox 346 2756 436 2816; x_wconf 87' lang='lat' dir='ltr'><strong>semel</strong></span> <span class='ocrx_word' id='word_1_122' title='bbox 458 2756 602 2817; x_wconf 90' lang='lat' dir='ltr'><strong>occideris</strong></span> <span class='ocrx_word' id='word_1_123' title='bbox 625 2766 654 2815; x_wconf 92' lang='lat' dir='ltr'><strong>et</strong></span> <span class='ocrx_word' id='word_1_124' title='bbox 676 2754 711 2815; x_wconf 90' lang='lat' dir='ltr'><strong>de</strong></span> <span class='ocrx_word' id='word_1_125' title='bbox 734 2766 764 2814; x_wconf 90' lang='lat' dir='ltr'><strong>te</strong></span> <span class='ocrx_word' id='word_1_126' title='bbox 786 2754 939 2832; x_wconf 90' lang='lat' dir='ltr'><strong>splendida</strong></span> <span class='ocrx_word' id='word_1_127' title='bbox 961 2754 1059 2816; x_wconf 85' lang='lat' dir='ltr'><strong>Minos</strong></span> 
     </span>
     <span class='ocr_line' id='line_1_28' title="bbox 297 2840 561 2912; baseline 0.004 -14"><span class='ocrx_word' id='word_1_128' title='bbox 297 2840 412 2902; x_wconf 86' lang='lat' dir='ltr'><strong>Fecerit</strong></span> <span class='ocrx_word' id='word_1_129' title='bbox 434 2840 561 2912; x_wconf 89' lang='lat' dir='ltr'><strong>arbitria,</strong></span> 
     </span>
     <span class='ocr_line' id='line_1_29' title="bbox 250 2922 1079 3003; baseline 0.001 -20"><span class='ocrx_word' id='word_1_130' title='bbox 250 2922 327 2997; x_wconf 92' lang='lat' dir='ltr'><strong>Non,</strong></span> <span class='ocrx_word' id='word_1_131' title='bbox 351 2926 507 3002; x_wconf 81' lang='lat' dir='ltr'><strong>Torquate,</strong></span> <span class='ocrx_word' id='word_1_132' title='bbox 531 2944 633 3003; x_wconf 83' lang='lat' dir='ltr'><strong>genus,</strong></span> <span class='ocrx_word' id='word_1_133' title='bbox 658 2944 718 2984; x_wconf 93' lang='lat' dir='ltr'><strong>non</strong></span> <span class='ocrx_word' id='word_1_134' title='bbox 742 2934 772 2984; x_wconf 91' lang='lat' dir='ltr'><strong>te</strong></span> <span class='ocrx_word' id='word_1_135' title='bbox 795 2923 940 2996; x_wconf 84' lang='lat' dir='ltr'><strong>facundia,</strong></span> <span class='ocrx_word' id='word_1_136' title='bbox 964 2942 1026 2983; x_wconf 94' lang='lat' dir='ltr'><strong>non</strong></span> <span class='ocrx_word' id='word_1_137' title='bbox 1049 2933 1079 2984; x_wconf 89' lang='lat' dir='ltr'><strong>te</strong></span> 
     </span>
     <span class='ocr_line' id='line_1_30' title="bbox 297 3010 574 3087; baseline 0.007 -19"><span class='ocrx_word' id='word_1_138' title='bbox 297 3011 442 3070; x_wconf 85' lang='lat' dir='ltr'><strong>Restituet</strong></span> <span class='ocrx_word' id='word_1_139' title='bbox 465 3010 574 3087; x_wconf 87' lang='lat' dir='ltr'><strong>pietas;</strong></span> 
     </span>
     <span class='ocr_line' id='line_1_31' title="bbox 178 3092 1034 3172; baseline 0.004 -22"><span class='ocrx_word' id='word_1_140' title='bbox 178 3101 206 3150; x_wconf 72' lang='lat'><strong>25</strong></span> <span class='ocrx_word' id='word_1_141' title='bbox 250 3092 379 3155; x_wconf 87' lang='lat' dir='ltr'><strong>lnl&#39;ernis</strong></span> <span class='ocrx_word' id='word_1_142' title='bbox 402 3113 499 3172; x_wconf 88' lang='lat' dir='ltr'><strong>neque</strong></span> <span class='ocrx_word' id='word_1_143' title='bbox 522 3095 600 3154; x_wconf 88' lang='lat' dir='ltr'><strong>enim</strong></span> <span class='ocrx_word' id='word_1_144' title='bbox 624 3093 756 3154; x_wconf 86' lang='lat' dir='ltr'><strong>tenebris</strong></span> <span class='ocrx_word' id='word_1_145' title='bbox 779 3093 869 3153; x_wconf 86' lang='lat' dir='ltr'><strong>Diana</strong></span> <span class='ocrx_word' id='word_1_146' title='bbox 893 3092 1034 3171; x_wconf 92' lang='lat' dir='ltr'><strong>pudicum</strong></span> 
     </span>
     <span class='ocr_line' id='line_1_32' title="bbox 296 3179 629 3259; baseline 0.003 -21"><span class='ocrx_word' id='word_1_147' title='bbox 296 3179 414 3239; x_wconf 78' lang='lat' dir='ltr'><strong>Liberat</strong></span> <span class='ocrx_word' id='word_1_148' title='bbox 438 3179 629 3259; x_wconf 84' lang='lat' dir='ltr'><strong>Hippolytum</strong></span> 
     </span>
     <span class='ocr_line' id='line_1_33' title="bbox 250 3263 999 3343; baseline -0.001 -20"><span class='ocrx_word' id='word_1_149' title='bbox 250 3264 311 3324; x_wconf 86' lang='lat' dir='ltr'><strong>Nec</strong></span> <span class='ocrx_word' id='word_1_150' title='bbox 333 3264 459 3324; x_wconf 89' lang='lat' dir='ltr'><strong>Lethaea</strong></span> <span class='ocrx_word' id='word_1_151' title='bbox 482 3265 557 3325; x_wconf 88' lang='lat' dir='ltr'><strong>valet</strong></span> <span class='ocrx_word' id='word_1_152' title='bbox 579 3265 709 3325; x_wconf 84' lang='lat' dir='ltr'><strong>Theseus</strong></span> <span class='ocrx_word' id='word_1_153' title='bbox 733 3263 908 3343; x_wconf 88' lang='lat' dir='ltr'><strong>abrumpere</strong></span> <span class='ocrx_word' id='word_1_154' title='bbox 931 3281 999 3324; x_wconf 90' lang='lat' dir='ltr'><strong>caro</strong></span> 
     </span>
     <span class='ocr_line' id='line_1_34' title="bbox 299 3349 584 3411; baseline 0.011 -4"><span class='ocrx_word' id='word_1_155' title='bbox 299 3349 421 3410; x_wconf 86' lang='lat' dir='ltr'><strong>Vincula</strong></span> <span class='ocrx_word' id='word_1_156' title='bbox 444 3350 584 3411; x_wconf 90' lang='lat' dir='ltr'><strong>Pirithoo.</strong></span> 
     </span>
    </p>
   </div>
   <div class='ocr_carea' id='block_1_6' title="bbox 123 3517 326 3526">
    <p class='ocr_par' dir='ltr' id='par_1_8' title="bbox 123 3517 326 3526">
     <span class='ocr_line' id='line_1_35' title="bbox 123 3517 326 3526; baseline 0.005 -4"><span class='ocrx_word' id='word_1_157' title='bbox 123 3517 326 3526; x_wconf 37' lang='lat' dir='ltr'>—Q-—m</span> 
     </span>
    </p>
   </div>
   <div class='ocr_carea' id='block_1_7' title="bbox 127 3631 1193 3770">
    <p class='ocr_par' dir='ltr' id='par_1_9' title="bbox 127 3631 1193 3770">
     <span class='ocr_line' id='line_1_36' title="bbox 210 3631 1193 3701; baseline 0.002 -21"><span class='ocrx_word' id='word_1_158' title='bbox 210 3631 252 3684; x_wconf 88' lang='lat' dir='ltr'><strong>Vll</strong></span> <span class='ocrx_word' id='word_1_159' title='bbox 270 3650 294 3684; x_wconf 85' lang='lat' dir='ltr'><strong>v.</strong></span> <span class='ocrx_word' id='word_1_160' title='bbox 316 3639 345 3688; x_wconf 88' lang='lat'><strong>15</strong></span> <span class='ocrx_word' id='word_1_161' title='bbox 365 3639 446 3700; x_wconf 87' lang='lat' dir='ltr'><strong>pater]</strong></span> <span class='ocrx_word' id='word_1_162' title='bbox 464 3661 498 3680; x_wconf 95' lang='lat'>=</span> <span class='ocrx_word' id='word_1_163' title='bbox 516 3635 571 3685; x_wconf 70' lang='lat'><strong>130:</strong></span> <span class='ocrx_word' id='word_1_164' title='bbox 592 3635 648 3700; x_wconf 93' lang='lat' dir='ltr'><strong>pius</strong></span> <span class='ocrx_word' id='word_1_165' title='bbox 673 3634 676 3695; x_wconf 85' lang='lat' dir='ltr'><strong>l</strong></span> <span class='ocrx_word' id='word_1_166' title='bbox 704 3634 776 3685; x_wconf 89' lang='lat' dir='ltr'><strong>diues</strong></span> <span class='ocrx_word' id='word_1_167' title='bbox 789 3632 878 3685; x_wconf 90' lang='lat' dir='ltr'><strong>Tullus</strong></span> <span class='ocrx_word' id='word_1_168' title='bbox 905 3633 909 3700; x_wconf 86' lang='grc' dir='ltr'>Ι</span> <span class='ocrx_word' id='word_1_169' title='bbox 938 3639 968 3687; x_wconf 78' lang='grc' dir='ltr'><strong>Π</strong></span> <span class='ocrx_word' id='word_1_170' title='bbox 989 3635 1033 3701; x_wconf 90' lang='lat' dir='ltr'><strong>qui</strong></span> <span class='ocrx_word' id='word_1_171' title='bbox 1052 3634 1101 3686; x_wconf 88' lang='lat' dir='ltr'><strong>scit</strong></span> <span class='ocrx_word' id='word_1_172' title='bbox 1118 3650 1133 3684; x_wconf 88' lang='lat' dir='ltr'><em>v</em></span> <span class='ocrx_word' id='word_1_173' title='bbox 1153 3632 1193 3699; x_wconf 90' lang='lat' dir='ltr'><strong>qui</strong></span> 
     </span>
     <span class='ocr_line' id='line_1_37' title="bbox 127 3699 744 3770; baseline 0.011 -22"><span class='ocrx_word' id='word_1_174' title='bbox 127 3699 176 3749; x_wconf 90' lang='lat' dir='ltr'><strong>scis</strong></span> <span class='ocrx_word' id='word_1_175' title='bbox 194 3703 230 3763; x_wconf 81' lang='lat' dir='ltr'><strong>(o)</strong></span> <span class='ocrx_word' id='word_1_176' title='bbox 245 3700 250 3767; x_wconf 87' lang='grc' dir='ltr'>Ι</span> <span class='ocrx_word' id='word_1_177' title='bbox 266 3703 333 3754; x_wconf 87' lang='lat' dir='ltr'><strong>uitae</strong></span> <span class='ocrx_word' id='word_1_178' title='bbox 352 3703 389 3754; x_wconf 73' lang='lat' dir='ltr'><strong>Ba</strong></span> <span class='ocrx_word' id='word_1_179' title='bbox 402 3706 437 3767; x_wconf 68' lang='lat' dir='ltr'><strong>(o,l</strong></span> <span class='ocrx_word' id='word_1_180' title='bbox 453 3703 457 3770; x_wconf 75' lang='lat' dir='ltr'><strong>l</strong></span> <span class='ocrx_word' id='word_1_181' title='bbox 475 3707 506 3754; x_wconf 79' lang='lat'><strong>19</strong></span> <span class='ocrx_word' id='word_1_182' title='bbox 519 3702 587 3754; x_wconf 85' lang='lat' dir='ltr'><strong>avidi</strong></span> <span class='ocrx_word' id='word_1_183' title='bbox 606 3704 638 3752; x_wconf 82' lang='lat' dir='ltr'><strong>oi.</strong></span> <span class='ocrx_word' id='word_1_184' title='bbox 658 3704 744 3755; x_wconf 78' lang='lat' dir='ltr'><strong>Booti.</strong></span> 
     </span>
    </p>
   </div>
   <div class='ocr_carea' id='block_1_8' title="bbox 587 3878 736 3886">
    <p class='ocr_par' dir='ltr' id='par_1_10' title="bbox 587 3878 736 3886">
     <span class='ocr_line' id='line_1_38' title="bbox 587 3878 736 3886; baseline 0.013 -2"><span class='ocrx_word' id='word_1_185' title='bbox 587 3878 736 3886; x_wconf 75' lang='lat'><strong>——.</strong></span> 
     </span>
    </p>
   </div>
   <div class='ocr_carea' id='block_1_9' title="bbox 0 0 1349 4372">
    <p class='ocr_par' dir='ltr' id='par_1_11' title="bbox 0 0 1349 4372">
     <span class='ocr_line' id='line_1_39' title="bbox 0 0 1349 4372; baseline 0 0"><span class='ocrx_word' id='word_1_186' title='bbox 0 0 1349 4372; x_wconf 95' lang='lat' dir='ltr'><strong> </strong></span> 
     </span>
    </p>
   </div>
  </div>
 </body>
</html>
