2640 4372
122 164 163 222 94
485 165 658 218 CARMINUM
675 166 708 217 lV
728 172 766 221 ll.
789 169 826 220 12.

194 352 208 399 5
252 339 351 412 Multa,
376 357 434 417 qua
457 338 548 398 crinis
570 339 690 419 religata
712 341 823 418 lulges;

252 425 338 486 Ridet
361 432 482 503 argento
506 425 619 495 domus,
643 443 691 484 ara
715 425 801 486 castis

253 510 357 570 Vincta
379 508 515 568 verbenis
538 518 600 569 avet
624 511 763 570 inmolato

329 593 467 674 Spargier
489 612 575 672 agno,

252 713 364 774 Cuncta
385 713 503 772 festinat
526 730 638 784 manus,
660 713 718 772 huo
741 721 770 772 et
792 712 860 773 illuc

252 798 402 858 Cursitant
423 797 529 856 mixtae
552 798 653 876 pueris
675 797 798 875 puellae,

252 883 409 943 Sordidum
432 883 565 941 flammae
587 882 736 960 trepidant
758 890 890 943 rotantes

328 968 442 1028 Vertioe
465 968 588 1027 fumum.

252 1087 290 1147 Ut
312 1072 409 1147 lamen
434 1087 515 1146 noris
539 1084 646 1164 quibus
668 1085 817 1147 advoceris

251 1171 378 1243 Gaudiis,
402 1170 470 1231 ldus
492 1170 546 1230 tibi
568 1178 639 1230 sunt
660 1171 798 1249 agendae,

251 1257 309 1328 Qui
331 1255 393 1316 dies
415 1274 548 1316 mensem
571 1255 693 1315 Veneris
717 1257 846 1316 marinae

325 1341 425 1401 Findit
447 1341 586 1419 Aprilem,

251 1462 319 1521 lure
341 1460 491 1520 sollemnis
513 1459 585 1518 mihi
607 1459 797 1537 sanctiorque

253 1547 349 1606 Paene
372 1544 460 1605 natali
483 1545 614 1622 proprio,
638 1543 718 1624 quod
740 1563 776 1604 ex
798 1545 853 1604 hac

251 1631 331 1691 Luce
353 1630 506 1690 Maecenas
528 1648 610 1690 meus
632 1629 787 1690 adfluentis

328 1716 453 1777 Ordinat
475 1732 579 1774 annos.
603 1749 644 1758 —

252 1835 424 1912 Telephum,
448 1851 536 1912 quem
558 1842 590 1892 tu
613 1834 698 1911 petis,
722 1832 874 1912 occupavit

251 1919 317 1979 Non
340 1926 408 1978 tuae
431 1918 518 1977 sortis
540 1917 675 1977 iuvenem
697 1917 796 1996 puella

252 2003 336 2064 Dives
359 2010 388 2061 et
409 2002 514 2062 lasciva
536 2011 676 2080 tenetque
698 2012 780 2082 grata

329 2086 476 2165 Compede
498 2086 639 2146 vinctum.

194 2219 204 2232 '
251 2208 356 2267 Terret
378 2203 530 2265 ambustus
554 2205 702 2266 Phaethon
726 2223 825 2265 avaras

251 2294 325 2371 Spes
347 2299 376 2350 et
398 2290 563 2368 exemplum
588 2309 674 2368 grave
696 2291 818 2369 praebet
840 2287 898 2348 ales

250 2378 379 2455 Pegasus
401 2383 553 2435 terrenum
576 2376 704 2454 equitem
726 2384 861 2455 gravatus

326 2461 588 2538 Bellerophonten,

251 2582 374 2659 Semper
397 2588 429 2639 ut
450 2587 479 2639 te
502 2579 589 2659 digna
611 2596 735 2656 sequare
758 2587 788 2637 et
808 2577 885 2636 ultra

252 2667 346 2737 Quam
368 2665 436 2726 licet
458 2683 579 2743 sperare
601 2665 683 2724 nelas
706 2662 836 2741 putando

251 2751 402 2830 llisparem
424 2750 505 2811 vites.
549 2751 610 2828 Age
633 2749 699 2820 iam,
716 2766 857 2821 ¹meorum

328 2836 410 2895 Finis
432 2852 565 2893 amorum

252 2988 266 2998 ·
289 2955 353 3015 Non
378 2954 457 3014 euim
479 2953 601 3032 posthac
624 2951 677 3011 alia
700 2951 816 3011 calebo-

252 3039 372 3099 Femina
396 3072 419 3109 ·,
442 3037 581 3098 condisce
603 3037 714 3107 modos,
738 3034 860 3096 amanda

181 3135 209 3183 35
254 3124 330 3184 Voce
354 3142 428 3201 quos
450 3123 571 3183 reddas:
594 3122 767 3181 minuentur
789 3131 868 3181 atrae

330 3208 466 3268 Carmine
490 3225 587 3268 curae.

637 3460 690 3520 llll

253 3564 312 3623 lam
335 3564 410 3624 veris
433 3563 564 3633 comites,
588 3581 661 3642 quae
685 3579 764 3621 mare
786 3566 962 3637 temperant,

254 3648 411 3728 lmpellunt
432 3649 545 3709 animae
568 3648 656 3709 lintea
679 3645 829 3714 Thraciae,

209 3851 242 3902 lll
260 3867 283 3904 o.
302 3851 335 3901 24
352 3849 446 3900 vietum
463 3850 466 3911 Ι
483 3851 514 3900 35
534 3849 679 3899 minuuntur
696 3850 731 3912 (o)
