2640 4372
122 175 164 234 98
488 176 659 229 danninum
677 177 710 230 lv
730 181 769 232 14.
791 183 829 233 15.

179 362 208 411 ta
251 349 303 423 Te,
327 349 454 409 fontium
478 347 528 427 qui
551 349 625 409 celat
647 349 787 428 origines,

250 434 391 512 Nilusque
415 442 443 494 et
465 433 549 506 ister,
573 442 601 494 te
623 435 742 513 rapidus
764 437 869 517 Tigris,

298 519 339 579 Te
362 517 501 580 beluosus
524 519 573 596 qui
596 520 717 580 remotis

349 602 501 682 Obstrepit
523 603 660 665 Oceanus
681 604 841 679 Britannis,

255 720 297 782 Te
321 741 381 782 non
404 722 538 800 paventis
560 723 665 782 funera
688 722 798 784 Galliae

182 816 211 866 50
254 807 409 885 [duraeque
431 807 517 868 teitus
539 807 620 867 audit
643 807 788 881 Hiberiae,

298 891 339 952 Te
363 891 450 951 caede
471 892 632 970 gaudentes
655 892 808 971 Sygambri

350 976 526 1055 Compositis
548 987 728 1037 venerantur
750 978 847 1039 armis.

639 1229 688 1288 XV

253 1346 389 1408 Phoebus
412 1347 558 1407 volentem
580 1348 692 1426 proelia
715 1365 761 1408 me
783 1348 864 1427 loqui

252 1432 348 1493 Victas
371 1441 400 1492 et
422 1431 502 1493 urbis
524 1432 672 1511 increpuit
693 1434 765 1512 lyra,

298 1518 341 1578 Ne
364 1534 451 1595 parva
474 1516 660 1596 Tyrrhenum
684 1537 738 1596 per
760 1536 870 1596 aequor
909 1524 911 1528 ‘

351 1601 420 1661 Vela
443 1602 552 1662 darem.
597 1602 668 1676 Tua,
692 1601 805 1675 Caesar,
828 1611 906 1665 aetas

196 1731 210 1779 o
253 1720 368 1798 Fruges
391 1731 421 1780 et
442 1721 519 1798 agris
541 1720 652 1782 rettulit
675 1721 782 1782 uberes

253 1805 291 1865 Et
314 1806 397 1884 signa
421 1814 523 1865 nostro
546 1807 675 1867 restituit
694 1806 753 1866 lovi

300 1890 427 1968 Derepta
449 1890 623 1951 Parthorum
647 1891 782 1970 superbis

350 1974 488 2034 Postibus
511 1984 541 2035 et
561 1994 684 2036 vacuum
709 1975 813 2037 duellis

255 2091 358 2152 lanum
381 2091 497 2162 Quirini
521 2092 625 2154 clausit
647 2104 676 2153 et
698 2095 831 2155 ordinem

182 2186 211 2236 10
254 2176 376 2237 Rectum
401 2179 533 2256 evaganti
555 2179 637 2238 frena
661 2178 797 2239 licentiae

301 2262 404 2322 lnicoit
426 2263 590 2341 emovitque
614 2263 714 2343 culpas

351 2345 389 2407 Et
410 2355 522 2409 veteres
544 2349 687 2408 revocarit
708 2348 788 2421 artis,

252 2466 309 2526 Per
331 2484 405 2544 quas
427 2465 564 2527 Latinum
590 2486 698 2527 nomen
723 2475 752 2527 et
774 2467 862 2527 italae

256 2551 379 2612 (bevere
401 2551 477 2613 vires
499 2553 633 2632 famaque
656 2561 686 2612 et
707 2552 812 2630 imperi

185 2646 213 2696 to
299 2637 437 2696 Porrecto
461 2638 595 2698 maiestas
618 2638 651 2697 ad
677 2647 758 2697 ortus

353 2721 430 2783 Solis
452 2723 486 2782 ab
509 2723 652 2801 Hesperio
675 2722 774 2782 cubili.
797 2753 838 2764 -

255 2837 382 2900 Custode
404 2859 503 2901 rerum
527 2840 649 2901 Caesare
672 2860 732 2901 non
756 2841 839 2900 furor

255 2922 350 2984 Civilis
372 2934 421 2984 aut
444 2925 484 2985 vis
507 2927 614 2987 eximet
636 2926 737 2996 otium,

300 3008 366 3069 Non
389 3009 441 3080 ira,
465 3028 539 3087 quae
561 3011 699 3089 procudit
721 3011 800 3071 ensis

184 3103 213 3152 to
355 3092 392 3153 Et
414 3093 537 3156 miseras
559 3096 691 3156 inimicat
713 3095 803 3168 urbis

255 3211 321 3271 Non
345 3212 396 3290 qui
419 3213 600 3292 profundum
623 3214 785 3275 Danuvium
810 3213 916 3274 bibunt

257 3295 359 3356 Edicta
381 3307 521 3376 rumpent
543 3299 623 3373 iulia,
647 3319 706 3359 non
732 3299 831 3372 Getae,

305 3380 370 3442 Non
396 3382 483 3444 Seres
503 3384 619 3445 intidive
641 3386 758 3459 Persae,

352 3467 419 3526 Non
443 3468 555 3529 Tanain
579 3489 673 3550 prope
695 3471 804 3530 flumen
829 3469 895 3533 orti.

213 3716 270 3768 XIV
287 3733 311 3768 o.
329 3720 362 3770 49
381 3723 505 3784 pauentes

213 3784 259 3836 XV
278 3802 301 3838 υ.
320 3789 334 3837 7
354 3785 468 3852 derepta]
487 3790 535 3853 (v):
554 3786 650 3853 direpta
667 3787 671 3855 Ι
686 3793 701 3843 9
714 3787 845 3850 Quirinum
864 3791 1039 3856 Passeratius,
1057 3792 1077 3845 I.
1088 3793 1121 3844 F.
1135 3789 1200 3842 Gro-

129 3855 225 3904 novius
240 3855 244 3919 Ι
262 3856 292 3907 15
311 3859 394 3906 ortum
413 3856 447 3920 (o)
462 3855 466 3923 t
482 3858 514 3909 23
533 3854 654 3924 infidique
