2640 4372
487 213 659 267 CARMINUM
676 214 706 266 III
725 217 764 267 26.
784 216 824 267 Ἡ.

615 386 705 446 XXVI

250 505 313 565 Vixi
336 505 441 585 puellis
463 523 560 591 nuper
581 504 705 566 idoneus

250 589 288 650 Et
311 590 428 651 militavi
452 608 512 650 non
536 590 599 651 sine
621 590 727 667 gloria:

296 674 382 735 Nunc
404 693 483 734 arma
506 674 737 752 defunctumque
760 673 836 734 bello

348 759 488 820 Barbiton
511 759 559 820 bic
582 760 679 838 paries
701 756 829 829 babebit,

249 909 375 971 Laevum
398 911 529 972 marinae
552 912 602 989 qui
625 911 748 972 Veneris
770 911 845 971 latus

250 993 392 1055 Custodit.
435 996 499 1070 Hic,
523 996 570 1056 bic
592 996 693 1075 ponite
716 996 810 1056 lucida

296 1079 416 1141 Funalia
438 1091 467 1141 et
487 1081 577 1142 vectis
601 1091 630 1141 et
651 1099 736 1141 arcus

347 1165 496 1245 Oppositis
519 1165 632 1226 loribus
656 1165 794 1226 minacisl
819 1199 859 1208 -

250 1316 274 1377 Ο
299 1336 372 1397 quae
395 1316 506 1377 beatam
531 1317 593 1377 diva
617 1327 699 1379 tenes
722 1317 849 1397 Cyprum
874 1328 902 1377 et

248 1401 398 1481 Memphin
422 1411 571 1462 carentem
595 1403 727 1462 Sithonia
750 1403 825 1473 nire,

295 1487 417 1565 Regma,
440 1485 558 1547 sublimi
581 1486 695 1564 flagello

349 1571 449 1649 Tange
473 1570 582 1631 Chloen
606 1571 696 1631 semel
717 1579 913 1648 arrogantem.

607 1823 709 1882 XXVII

251 1940 360 2020 lmpios
381 1960 485 2021 parrae
507 1943 667 2003 recinentis
690 1961 777 2003 omen

250 2025 345 2087 Ducat
367 2037 396 2087 et
417 2045 586 2107 praegnans
608 2028 689 2088 canis
712 2037 761 2087 aut
783 2027 818 2087 ab
842 2045 911 2106 agro

251 2110 326 2171 Rara
350 2113 511 2173 decurrens
533 2112 601 2191 lupa
624 2113 777 2173 Lanuvino

324 2196 453 2276 Fataque
475 2197 575 2276 volpes
583 2215 591 2269 ;

248 2350 375 2427 Rumpat
398 2360 427 2409 et
448 2367 572 2426 serpens
594 2349 650 2408 iter
671 2349 846 2419 institutum,

249 2434 279 2494 Si
302 2452 357 2512 per
380 2433 532 2510 obliquum
557 2432 658 2492 similis
680 2434 802 2510 sagittae

249 2519 368 2578 Terruit
389 2535 531 2582 mannos:
557 2533 611 2592 ego
634 2516 681 2576 cui
703 2516 813 2575 timebo

325 2601 467 2661 Providus
489 2617 607 2677 auspex,

250 2754 416 2829 Antequam
439 2751 544 2812 stantis
566 2759 681 2829 repetat
702 2749 823 2828 paludes

250 2837 390 2898 Imbrium
413 2836 508 2897 divina
531 2835 590 2895 avis
612 2835 821 2906 inminentum‚

252 2924 389 2984 Oscinem
413 2940 533 2982 corvum
557 2939 646 2999 prece
669 2918 817 2982 suscitabo

325 3008 402 3069 Solis
425 3007 459 3066 ab
484 3017 561 3067 ortu.

256 3160 301 3220 Sis
324 3161 391 3220 licet
413 3158 489 3231 felix,
512 3157 693 3235 ubicumque
716 3158 814 3228 marie,

256 3245 293 3304 Et
315 3261 429 3304 memor
452 3244 553 3317 nostri,
577 3242 703 3315 Galatea,
726 3243 803 3302 vivas

253 3329 355 3406 Teque
377 3346 433 3388 nec
455 3327 553 3388 laevus
575 3337 653 3388 vetet
674 3328 716 3387 ire
739 3327 823 3405 picus

328 3413 388 3472 Nec
411 3428 479 3489 vaga
503 3411 615 3472 cornix.

127 3564 332 3575 ----ι

208 3681 287 3732 XXVI
305 3697 328 3731 o.
350 3683 361 3731 1
383 3678 475 3730 duellis
494 3678 520 3731 0.
538 3678 648 3728 Fronte
665 3675 732 3736 fasti
751 3679 842 3729 Horat.
860 3694 886 3744 p.
902 3679 942 3741 ὅτ,
964 3686 992 3724 14
1009 3678 1043 3738 ll
1064 3679 1089 3725 et
1108 3674 1190 3733 arcus]

127 3764 191 3800 actes
208 3752 276 3801 male
295 3752 439 3827 temptatus
457 3746 528 3809 (odd.
548 3747 682 3797 Housman
702 3747 797 3810 jocero.
818 3744 852 3805 of
862 3746 928 3811 pbil.
946 3745 966 3794 X
987 3746 1018 3794 20
1038 3759 1063 3807 p.
1082 3742 1186 3803 teuaq.)

124 3815 161 3876 ef·
178 3816 487 3950 AIIIIIIIIreaIlsb(Ibmpit
504 3885 547 3947 (=
565 3881 651 3932 bonel.
667 3881 671 3948 Ι
688 3884 718 3934 15
738 3885 809 3932 uelat
825 3881 860 3944 (υ)
880 3903 912 3921 =
932 3879 1089 3936 Lomblnuo,'
1104 3872 1188 3925 bonel.
