2640 4372
123 187 163 246 96
486 191 658 244 ΟΑΒΜΙΝΠΜ
675 193 709 246 lv
729 195 770 246 13.
791 197 831 246 14.

193 377 207 426 5
250 364 288 426 Et
311 375 398 426 cantu
422 364 548 425 tremulo
570 374 640 445 pota
663 366 836 446 Cupidinem

252 449 379 511 Lentum
402 450 553 511 sollicitas:
577 451 626 511 ille
647 450 769 513 virentis
791 461 819 512 et

298 535 406 596 Doctae
428 535 553 614 psallere
576 535 663 596 Chiae

348 620 482 681 Pulchris
505 620 628 681 excubat
652 621 682 680 in
705 621 804 700 genis3

253 740 445 819 lmportunus
467 739 546 799 enim
569 740 730 800 transvolat
752 740 846 800 aridas

182 837 209 887 10
253 824 387 895 Quercus
410 833 438 884 et
460 824 568 902 refugit
590 833 628 897 te,
651 827 719 902 quia
741 825 828 885 luridi

297 910 407 970 Dentes
429 918 467 982 te,
491 910 558 987 quia
581 927 671 988 rugae

290 1007 294 1014 ·
349 994 484 1074 Turpant
507 1002 536 1053 et
559 995 661 1072 capitis
684 994 774 1055 nives.

251 1113 312 1173 Nee
335 1115 410 1176 Coae
433 1114 567 1174 referunt
595 1111 650 1172 iam
674 1112 726 1173 tibi
748 1130 898 1193 purpurae

251 1199 310 1260 Nee
333 1200 393 1260 cari
416 1198 526 1279 lapides
549 1205 691 1276 tempora,
715 1211 790 1277 quae
811 1197 901 1259 semel

184 1295 211 1345 15
297 1284 380 1346 Notis
403 1284 519 1344 condita
542 1283 624 1342 lastis

349 1368 472 1430 lnclusit
494 1368 621 1428 volucris
643 1368 713 1428 dies.

253 1487 318 1558 Quo
341 1489 416 1566 fugit
438 1488 547 1560 Venus,
570 1486 638 1559 heu,
662 1503 757 1563 quore
779 1481 882 1545 color‘l
905 1484 1015 1544 decens

253 1571 319 1642 Quo
342 1570 464 1633 motus?
488 1571 556 1650 quid
579 1570 671 1631 habes
693 1569 782 1642 illius,
805 1569 890 1641 illins,

300 1657 381 1728 Quae
404 1656 534 1736 spirabat
555 1674 679 1729 amores,

181 1753 209 1803 20
351 1742 432 1812 Quae
455 1760 502 1801 me
524 1749 681 1821 surpuerat
702 1739 784 1810 milri,

253 1860 334 1920 Felix
356 1870 423 1941 post
446 1860 590 1932 Cinaram,
614 1867 741 1938 notaque
765 1865 793 1918 et
815 1857 921 1916 artium

254 1945 407 2005 Graiarum
430 1942 543 2005 facies?
566 1943 688 2003 -Sed
711 1943 833 2004 Cinarae
856 1941 952 2001 brevis

300 2033 402 2091 Annos
423 2031 480 2091 lala
505 2030 659 2100 dederunt,

350 2115 506 2175 Servatura
529 2113 577 2173 diu
600 2131 701 2193 parem

180 2246 208 2296 15
254 2234 386 2297 Cornicis
408 2234 521 2294 vetulae
542 2231 726 2311 temporibus
748 2232 857 2312 Lycen,

252 2321 379 2381 Posseut
400 2328 433 2379 ut
455 2319 575 2378 iuvenes
597 2318 691 2378 visere
713 2317 815 2377 fervidi
876 2326 879 2332 '

298 2404 390 2465 Multo
414 2423 475 2465 non
499 2404 563 2465 sine
586 2402 646 2464 risu

351 2490 496 2569 Dilapsam
519 2490 549 2550 in
573 2489 690 2548 cineres
713 2487 816 2547 lacem.

632 2743 696 2802 xlv

253 2862 334 2933 Quae
356 2882 426 2924 cura
449 2871 566 2941 patrum
590 2879 700 2940 quaeve
723 2859 880 2931 Quiritium

254 2947 353 3007 Plenis
374 2949 522 3008 honorum
545 2945 719 3006 muneribus
739 2955 813 3015 tuas,

303 3033 442 3109 Auguste,
465 3031 587 3091 virtutes
609 3031 638 3091 in
662 3048 765 3091 aevum

352 3116 408 3175 Per
430 3115 532 3176 titulos
553 3133 759 3194 memoresque
782 3116 872 3175 fastus

201 3246 215 3295 5
259 3236 407 3307 Aeternct,
431 3255 448 3294 o
473 3252 529 3312 qua
552 3235 596 3296 sol
618 3232 785 3294 habitabilis

258 3319 398 3380 lnlustrat
420 3338 496 3391 oras,
519 3320 643 3380 maxime
668 3319 848 3399 principum,

304 3404 398 3474 Quem
422 3403 495 3482 legis
517 3414 654 3483 expertes
678 3404 797 3464 Latinae

352 3489 494 3550 Vindelici
517 3487 645 3550 didicere
671 3506 777 3568 nuper,

212 3743 265 3795 Xlll
284 3761 307 3798 v.
329 3747 359 3798 14
377 3743 437 3795 clari
454 3742 506 3807 126
525 3743 625 3808 possint
640 3744 644 3810 l
662 3744 693 3794 28
713 3741 842 3804 delapsam

128 3810 269 3943 bluxlgpl
287 3828 310 3864 o.
330 3817 345 3866 1
363 3812 456 3878 fastus]
476 3808 511 3873 cf.
530 3809 560 3860 lll
581 3813 619 3875 l'l,
639 3813 667 3862 4:
693 3810 773 3861 fastos
791 3808 884 3871 (lasoes
902 3805 997 3869 Porplr.
1018 3803 1073 3856 cod.
