2640 4372
505 205 675 258 clamauit
693 207 713 258 ll
733 210 755 262 1.
775 212 799 261 2.

249 376 323 438 luno
340 386 369 437 et
384 378 505 438 deorum
523 378 656 456 quisquis
670 379 792 438 amicior

249 461 327 521 atris
343 462 434 523 inulta
451 472 579 523 cesserat
594 463 741 540 impotens

295 546 413 606 Tellure
429 548 573 608 victorum
591 557 715 625 nepotes

339 631 462 692 Rettulit
478 632 597 692 inlerias
613 632 781 710 Iugurthae.

249 748 321 818 Quis
337 768 396 809 non
412 750 516 810 Latino
532 750 676 825 sanguine
692 750 832 827 pinguior

250 832 377 911 Campus
392 835 534 914 sepulcris
549 835 638 912 impia
655 834 765 912 proelia

296 918 432 979 Testatur
446 919 636 997 auditumque
652 919 742 978 lllcdis

209 1001 212 1007 ’
338 1003 497 1084 Hesperiae
512 1005 641 1065 sonitum
659 1000 785 1063 ruinae?

250 1120 306 1191 Qui
323 1141 430 1200 gurges
445 1131 495 1182 aut
509 1141 584 1200 quae
600 1122 721 1182 flumina
737 1121 871 1197 lugubris

251 1206 354 1285 Ignara
371 1205 460 1268 benit
476 1210 554 1285 quod
572 1227 652 1267 marc
669 1208 799 1266 Dauniae

296 1291 362 1352 Non
379 1293 584 1353 decoloravere
599 1289 724 1352 caedes?

341 1377 422 1447 Quae
437 1385 518 1438 caret
533 1395 583 1436 ora
599 1395 706 1437 cruore
722 1373 852 1436 nostro?

250 1491 307 1551 Sed
325 1513 362 1554 ne
378 1495 495 1566 relictis,
512 1494 592 1554 Musa
609 1512 727 1572 procax,
742 1493 815 1552 iocis

251 1574 323 1637 Ceae
339 1588 480 1638 retractes
495 1596 618 1638 munera
633 1577 753 1650 Noniae,

298 1662 412 1722 Mecum
428 1662 558 1722 Dionaeo
575 1662 628 1723 sub
645 1670 730 1721 antro

341 1747 456 1816 Quaere
472 1749 574 1808 modos
588 1745 697 1806 leviore
713 1744 835 1823 plectro.

580 1899 732 1910 ——

646 1999 672 2059 ll

251 2119 355 2180 Nullus
371 2129 493 2197 argento
509 2120 591 2179 color
606 2128 650 2179 est
666 2119 758 2179 avaris

252 2204 357 2263 Abdito
374 2204 469 2276 terris,
485 2205 603 2264 inimice
619 2205 732 2264 lamnae

252 2286 354 2366 Crispe
370 2288 496 2360 Sallusti,
513 2290 570 2350 nisi
586 2298 748 2368 temperato

298 2372 458 2451 Splendeat
473 2391 537 2432 usu.
604 2444 606 2447 ⁵

253 2488 334 2548 Vivet
349 2496 468 2547 extento
484 2488 655 2548 Proculeius
670 2507 749 2560 aevo,

253 2571 347 2632 Notus
362 2572 392 2630 in
408 2574 515 2632 fratres
530 2571 618 2630 animi
634 2571 765 2649 paterni3

254 2655 338 2716 lllum
357 2666 423 2734 aget
437 2657 528 2735 pinna
544 2663 695 2714 metuente
709 2654 781 2714 solvi

300 2739 389 2800 Fama
404 2750 563 2819 superstes.

254 2857 354 2919 Latius
369 2876 475 2936 regnes
490 2859 603 2918 avidum
620 2857 766 2917 domando

254 2942 395 3021 Spiritum
412 2944 537 3021 quamsi
554 2942 674 3022 Libyam
689 2941 811 3002 remotis

253 3027 381 3089 Gadibus
396 3029 501 3108 iungas
516 3037 545 3089 et
561 3038 686 3106 uterquc
702 3028 820 3088 Poenus

299 3113 410 3174 Serviat
425 3114 486 3173 uni.
505 3147 542 3155 -

254 3231 367 3292 Crescit
381 3230 538 3308 indulgens
553 3230 609 3290 sibi
625 3230 706 3290 dirus
722 3228 850 3308 hydrops

138 3339 141 3345 ·
253 3316 313 3375 Nec
329 3316 405 3375 sitim
421 3316 512 3393 pellit,
527 3315 584 3375 nisi
600 3333 687 3374 cansa
703 3313 799 3373 morbi

253 3400 373 3478 Fugerit
389 3399 469 3459 venis
485 3409 514 3459 et
529 3417 657 3477 aquosus
672 3399 738 3458 albo
1129 3407 1155 3456 11

301 3484 433 3562 Corpore
448 3483 584 3561 languor.

210 3616 261 3669 lo.
289 3613 410 3683 [33-36]
435 3614 718 3684 o*(ef.ltttscteltom
738 3615 992 3682 oposo.1tlccvsq.‚
1012 3616 1198 3679 quictiomo.

125 3686 210 3736 9-12
229 3688 256 3733 et
273 3686 375 3736 25-28
394 3685 546 3734 secluseras
563 3689 631 3748 erat)
646 3682 650 3751 Ι
667 3686 699 3736 38
717 3683 824 3746 Noniae]
841 3684 900 3735 AK:
920 3683 1008 3735 neniae

212 3752 231 3803 ll
248 3768 272 3805 o.
291 3755 305 3804 3
325 3757 464 3818 temperata
485 3751 511 3802 K.
532 3752 615 3802 Fr'selr
627 3769 662 3802 zu
675 3754 738 3802 Hor.
759 3753 844 3803 Car-m.
865 3752 883 3803 ll
906 3755 921 3803 2
942 3752 1043 3814 Argoo.
1063 3750 1134 3801 1883.
1150 3753 1173 3798 4.
1193 3746 1197 3813 l

125 3820 219 3871 5uiuit
241 3821 245 3883 l
267 3825 281 3873 'l
301 3821 353 3884 ogit
373 3824 376 3885 Ι
398 3835 479 3886 penna
501 3823 505 3881 Ι
533 3822 563 3871 14
582 3822 657 3885 pellis
677 3819 772 3871 O.Petl
788 3821 922 3871 unimoda.
942 3821 1001 3868 crit.
1020 3819 1050 3865 in
1069 3817 1097 3878 Q.
1111 3817 1141 3867 H.
1155 3815 1199 3866 Fl.

126 3888 169 3940 od.
188 3889 233 3941 lib.
245 3888 265 3940 ll
283 3903 349 3954 spec.
367 3888 436 3952 (Hal.
456 3889 531 3948 18641
547 3904 574 3953 p.
593 3892 607 3940 'l
625 3905 664 3954 aq.
