2640 4372
522 218 694 272 GARMlNUlll
711 220 741 272 lll
760 223 800 274 29.

254 392 312 451 lam
337 399 438 469 pastor
460 390 581 452 umbras
603 409 670 452 oum
692 409 780 469 grege
803 393 941 472 languido

252 477 417 553 Rivumque
440 476 534 537 lessus
558 476 672 554 quaerit
694 485 723 536 et
744 477 854 538 horridi

300 561 423 620 llumeta
447 560 554 621 Silvani
579 570 717 639 caretque

350 645 423 723 Ripa
445 646 525 724 ragis
548 645 693 706 taciturna
715 646 824 707 ventis:

252 779 297 838 Tu
320 779 463 840 civitatem
488 779 553 858 quis
575 781 676 840 deceat
697 788 789 841 status

253 864 344 924 Cures
366 872 395 923 et
417 863 484 924 urbi
507 864 650 925 sollicitus
672 864 766 938 times,

300 947 376 1018 Quid
399 948 486 1009 Seres
508 958 537 1008 et
558 959 679 1027 regnata
704 949 779 1028 Cyro

349 1032 451 1093 Bactra
473 1043 579 1112 parent
601 1034 767 1112 Tanaisque
791 1033 913 1094 discors.
939 1066 974 1076 -

252 1168 386 1228 Prudens
408 1168 499 1228 futuri
522 1168 663 1247 temporis
686 1169 796 1228 exitum

252 1251 414 1331 Caliginosa
438 1261 525 1313 noete
548 1253 655 1332 premit
676 1253 758 1324 deus,

303 1336 457 1414 Ridetque,
479 1338 504 1398 si
525 1338 657 1398 mortalis
680 1337 756 1397 ultra

349 1420 405 1480 Fas
426 1421 561 1500 trepidat.
607 1421 692 1492 Quod
714 1421 796 1481 adest
818 1428 967 1481 memento

254 1553 439 1631 Componero
462 1573 588 1632 aequus:
612 1565 708 1616 cetera
731 1553 862 1614 [luminis

254 1638 324 1698 Ritu
346 1637 492 1711 feruntur,
518 1657 598 1700 nuno
620 1639 716 1700 medio
740 1638 819 1699 alveo

299 1721 372 1782 Cum
394 1741 466 1802 pace
488 1723 651 1785 delabentis
673 1724 830 1784 Etruscum

351 1806 384 1868 ln
408 1826 498 1882 mare,
521 1827 603 1869 nuno
626 1809 735 1888 lapides
757 1808 860 1868 adesos

252 1941 417 2021 stirpisque
439 1953 537 2024 raptas
559 1952 588 2004 et
608 1962 701 2023 peous
723 1952 752 2004 et
774 1942 877 2003 domos
902 2016 905 2021 Ι

251 2026 399 2088 Volventis
421 2047 481 2089 una
505 2047 566 2089 non
590 2029 654 2089 sine
677 2028 822 2088 montium

299 2110 431 2174 Clamore
453 2114 625 2192 vicinaeque
648 2113 744 2186 silvae,

346 2196 417 2257 Cum
442 2199 502 2260 fera
524 2199 646 2259 diluvies
669 2199 784 2276 quietos

250 2328 352 2390 inritat
375 2334 478 2393 amnis.
524 2333 575 2393 llle
598 2340 705 2411 potens
726 2333 771 2393 sui

249 2413 415 2493 Laetusque
438 2416 533 2493 deget,
557 2417 604 2477 oui
625 2416 694 2476 lioet
716 2416 745 2475 in
770 2415 846 2476 diem

296 2498 409 2560 dixisse
428 2493 531 2559 ‘rixi':
555 2518 620 2560 oras
641 2498 686 2558 rel
709 2507 769 2558 atra

348 2583 432 2644 Nube
455 2583 555 2662 polum
579 2591 661 2663 pater
685 2590 828 2661 occupato

251 2717 303 2776 Vel
326 2717 387 2777 sole
410 2735 501 2797 puro;
526 2736 586 2778 non
610 2725 707 2777 tamen
731 2716 850 2776 inritum
896 2788 897 2793 γ

250 2800 465 2880 Quodcumque
487 2810 565 2863 retro
589 2811 634 2863 est
656 2801 763 2861 elfioiet
784 2819 882 2880 neque

296 2885 438 2966 Difllnget
458 2887 661 2965 inlectumque
683 2886 785 2946 reddet

348 2971 433 3042 Quod
456 2973 573 3051 fugiens
596 2971 688 3033 semel
710 2971 781 3031 hora
805 2972 890 3032 rexit.
914 3005 953 3015 —

251 3104 384 3167 Fortuna
406 3126 491 3169 saevo
515 3109 589 3168 laeta
612 3106 730 3185 negotio
754 3115 783 3166 et

249 3188 364 3252 Ludum
389 3193 565 3254 insolentem
588 3192 690 3253 ludere
712 3190 848 3270 pertinax

295 3276 484 3338 Transmutat
506 3279 635 3339 incertos
657 3277 797 3345 honoros,

348 3361 433 3422 Nune
454 3363 533 3435 mihi,
557 3380 638 3422 nunc
659 3361 706 3420 alii
728 3359 867 3435 benigna.

121 3511 321 3519 ——--——.

207 3608 285 3660 XXIX
307 3625 330 3662 a.
350 3613 381 3662 32
400 3609 510 3675 trepidet
537 3610 541 3675 Ι
569 3612 602 3662 34
627 3624 737 3676 aequore
761 3612 795 3674 (a)
819 3609 823 3673 l
848 3611 879 3661 37
898 3612 994 3678 raptas]
1012 3632 1045 3651 =
1064 3607 1120 3656 eod.
1141 3607 1195 3657 Cle-

121 3678 197 3728 donet
217 3676 239 3725 V
256 3693 281 3743 p.
299 3681 340 3740 40,
360 3679 374 3729 8
395 3677 427 3728 K:
445 3682 533 3743 raptos
551 3680 590 3727 ibi
607 3679 746 3728 Puteoliue
766 3677 811 3728 Gr.
832 3677 889 3730 Lot.
906 3696 933 3744 p.
954 3675 1086 3740 1895143
1104 3666 1193 3736 ‘vixi']

118 3748 232 3811 primur,
251 3746 323 3810 quod
339 3748 430 3808 roiam,
444 3749 593 3808 praeeunte
611 3745 727 3796 oliorum
739 3748 968 3811 interpretatione,
987 3739 993 3758 ‘
1011 3738 1020 3759 ‘
1039 3743 1159 3802 tignavil
1171 3742 1198 3791 H

119 3813 201 3876 (idem
219 3818 289 3862 certe
307 3817 361 3864 iam
379 3813 502 3863 indicare
520 3812 606 3861 voluit
624 3813 701 3863 Mein.
720 3812 835 3864 llixisse:
857 3813 950 3879 Vixi:);
968 3803 1150 3859 ‘vixi-rexit’
1169 3825 1193 3861 υ.

119 3882 153 3933 48
172 3884 213 3943 (--
234 3879 286 3944 ΟΚ)
305 3873 537 3932 et‘rixi-Pollux'
557 3896 581 3930 o.
601 3882 633 3932 64
651 3882 693 3944 (=
711 3881 744 3934 F.
763 3880 868 3942 Ritter5
886 3881 927 3946 M)
945 3879 978 3929 ol.
