2640 4372
457 198 646 252 senuerunt
665 202 674 252 l
693 204 717 254 6.

138 372 201 433 Non
225 371 326 433 minus
347 371 465 451 ignotos
486 366 649 450 'generosis
694 372 760 443 Quo
782 373 845 445 tibi,
870 374 946 447 Tilli,

138 457 260 518 Sumere
283 457 450 535 depositum
473 457 584 516 clavum
608 457 732 535 fierique
755 457 897 519 tribuno?
1094 473 1123 523 35

137 541 246 603 luridia
269 541 407 614 adcrevit,
430 542 544 620 privato
568 560 644 620 qnae
667 542 765 602 minor
788 553 874 604 esset.

136 626 208 687 Nam
232 627 413 705 utquisque
436 627 557 687 insanus
580 627 672 705 nigris
695 627 822 687 medium
847 630 979 707 impediit
1001 648 1070 692 crus

137 710 266 773 Pellibus
289 720 319 771 et
339 710 430 771 latum
453 710 569 772 demisit
592 721 713 789 pectore
736 713 860 783 clavum,

136 797 224 856 Audit
245 796 388 856 continuo
407 788 488 874 ‘quis
510 797 598 856 horno
622 797 670 856 hic
693 795 759 856 est‘l
783 816 841 875 quo
858 808 941 876 patre
958 795 1078 862 natus‘l’

138 880 176 942 Ut
197 880 276 959 siqui
298 889 431 958 aegrotet
454 899 512 959 quo
536 881 640 941 morbo
664 881 782 955 Barrus,
805 882 907 942 haberi
1096 895 1125 945 35

138 964 177 1026 Ε5
199 965 295 1044 capiat
315 966 472 1037 formosus,
497 975 543 1026 eat
565 984 760 1044 quacumque,
784 967 888 1045 puellis

139 1049 247 1110 Iniciat
269 1068 368 1111 curam
393 1051 554 1128 quaerendi
580 1051 705 1129 singula,
729 1051 807 1129 quali

137 1134 181 1195 Sit
203 1135 288 1205 lacie,
311 1152 389 1207 sura,
414 1136 491 1213 quali
515 1136 598 1214 pede,
621 1137 718 1207 dente,
743 1136 859 1214 capillo,

137 1219 186 1281 Sic
209 1220 258 1298 qui
282 1220 436 1298 promittit,
459 1220 538 1291 civis,
564 1221 666 1281 urbem
690 1221 746 1280 sibi
768 1239 866 1288 curae,

138 1303 298 1383 Imperium
322 1305 384 1365 lore
407 1313 436 1364 et
458 1304 571 1365 ltaliam
594 1314 623 1366 et
644 1305 766 1365 delubra
789 1307 922 1378 deorum,
1097 1313 1127 1366 35

139 1387 206 1459 Quo
229 1399 313 1468 patre
335 1389 372 1450 sit
395 1400 490 1461 natus,
515 1408 586 1450 num
610 1391 710 1468 ignota
733 1399 826 1450 matre
850 1390 1035 1463 inhonestus,

141 1472 246 1534 Omnis
269 1474 399 1535 mortalis
422 1493 525 1534 curare
549 1484 578 1534 et
600 1493 742 1553 quaerere
765 1476 852 1554 cogit.

135 1549 245 1633 ‘Tune
268 1559 334 1638 Syri
357 1558 464 1619 Damae
486 1569 536 1619 aut
558 1559 680 1640 Dionysi
703 1559 789 1632 lilius,
813 1560 902 1620 audes

141 1642 263 1704 lleicere
286 1643 322 1704 de
344 1660 413 1704 sano
438 1643 508 1704 civis
531 1653 580 1704 aut
603 1645 718 1704 tradere
742 1644 848 1704 Cadmo
857 1634 883 1703 l'

136 1719 188 1788 ‘lt
209 1727 320 1789 Nonius
342 1728 452 1805 collega
475 1729 567 1807 gradu
590 1738 658 1808 post
680 1748 726 1789 me
749 1728 831 1789 sedet
853 1747 930 1803 uno;
1099 1740 1128 1789 tu

143 1811 275 1892 Namque
293 1821 338 1874 est
353 1813 411 1881 ille,
428 1823 512 1892 pater
528 1815 605 1891 qnod
624 1823 687 1874 erat
702 1804 803 1874 mens?
819 1807 897 1873 ‘Hoc
914 1812 967 1874 tibi
984 1814 1102 1874 Paullus

144 1897 181 1958 Et
202 1896 335 1959 Messalla
359 1897 487 1959 videris?
509 1910 538 1958 at
559 1899 618 1971 hic,
641 1899 664 1960 si
688 1900 798 1978 plostra
822 1899 948 1959 ducenta

144 1980 389 2061 Concurrantque
412 1985 477 2043 loro
500 1984 554 2043 tria
578 1985 692 2058 lunera,
716 2003 820 2062 magna
843 1984 961 2044 sonabit

144 2066 259 2128 Cornua
283 2069 362 2146 quod
385 2068 542 2146 vincatque
565 2070 666 2144 tubas;
689 2070 789 2130 saltem
814 2078 895 2129 tenet
916 2070 973 2129 hoc
997 2057 1069 2128 nos'
1088 2102 1129 2112 —

141 2150 227 2212 Nunc
249 2153 285 2212 ad
307 2171 355 2212 me
378 2153 466 2214 redeo
489 2153 628 2214 libertino
651 2164 734 2233 patre
758 2163 869 2227 natum,
1101 2164 1130 2213 45
1201 2205 1202 2208 ,

143 2236 237 2308 Quem
260 2237 370 2298 rodunt
393 2257 496 2298 omnes
519 2239 658 2299 libertino
681 2250 764 2318 patre
789 2250 898 2311 natum,

145 2321 241 2393 Nunc,
265 2323 333 2399 quia
356 2323 409 2383 sim
434 2323 496 2394 tibi,
520 2324 683 2394 Maecenas,
707 2324 867 2393 convictor,
891 2330 920 2382 at
945 2322 1025 2393 olim,

145 2405 229 2477 Quod
252 2407 325 2467 mihi
348 2417 466 2486 pareret
487 2409 563 2486 legio
587 2409 718 2467 Romana
742 2408 873 2467 tribuno.

145 2490 289 2552 Dissimile
311 2492 368 2552 hoc
391 2493 431 2553 illi
455 2502 508 2565 est,
532 2494 598 2570 qnia
623 2511 693 2562 non,
718 2499 750 2550 ut
773 2492 857 2550 lorsit
878 2491 1025 2550 honorem

147 2574 216 2635 lure
237 2576 309 2637 mihi
332 2576 460 2638 invideat
483 2577 586 2655 quivis,
610 2577 649 2635 ita
672 2584 700 2634 te
726 2593 846 2653 quoquc
869 2575 1005 2646 amicum,
1106 2587 1134 2635 5ο

148 2659 323 2722 Praesertim
347 2672 466 2723 cautum
490 2662 594 2740 dignos
617 2660 781 2732 adsumere,
805 2677 892 2737 prava

145 2745 313 2806 Ambitione
335 2748 450 2825 procul.
496 2746 621 2806 Felicem
644 2745 741 2804 dicere
764 2763 825 2804 non
850 2744 906 2803 hoc

145 2829 192 2890 Me
214 2832 334 2908 possim,
358 2850 427 2892 casu
451 2832 528 2909 quod
553 2843 581 2890 te
604 2830 727 2892 sortitus
749 2829 892 2902 amicum;

146 2914 230 2975 Nulla
253 2916 362 2976 etenim
386 2917 454 2976 milri
477 2925 506 2976 te
528 2918 590 2976 fors
613 2915 735 2975 obtulit:
760 2915 889 2993 optimus
912 2912 982 2973 olim

146 2998 300 3078 Vergilius,
324 3001 492 3080 posthunc
515 3001 623 3065 Varius
646 3000 745 3060 dixere
769 3001 838 3078 quid
862 3017 966 3060 essem.
1104 3006 1134 3055 55

144 3083 184 3145 Ut
204 3085 270 3144 veni
293 3104 402 3159 coram,
425 3086 576 3164 singultim
600 3103 692 3165 pauca
714 3086 830 3145 locutus
853 3119 865 3129 ·

149 3167 251 3230 lnlans
273 3189 400 3248 namque
423 3171 520 3250 pudor
542 3171 718 3250 prohibebat
740 3172 825 3248 plura
848 3168 959 3248 profari
982 3201 1006 3241 ·,

91 3305 263 3314 ——.-

148 3401 178 3454 Vl
195 3418 218 3454 o.
238 3402 484 3466 24Ti1111v=o
506 3407 565 3456 ld'l:
586 3402 642 3453 tulli
666 3402 671 3470 1
696 3404 726 3454 tt
746 3402 871 3468 impediit]
898 3404 947 3466 (v):
982 3398 1105 3467 impediet
1128 3398 1132 3459 1

91 3469 432 3536 15155513555151133
451 3487 508 3522 sura
527 3471 604 3538 quali,
623 3470 679 3536 551
702 3473 732 3522 35
753 3471 831 3536 cogit]
849 3472 895 3534 (o):
915 3469 1058 3535 cogatldd
1077 3465 1135 3534 Syri

91 3541 166 3600 tunae]
187 3538 339 3602 Madvigius
357 3541 459 3590 advers.
473 3543 532 3590 crit.
552 3539 560 3589 l
581 3541 638 3603 105,
652 3546 675 3600 t,
694 3554 770 3600 quem
793 3543 898 3588 secutus
916 3553 988 3602 sum,
1017 3537 1137 3601 quumvis

91 3620 110 3655 r·
128 3622 156 3655 ra
175 3611 219 3656 aut
236 3608 316 3656 tortio
336 3607 392 3657 loeo
414 3609 533 3671 positum
555 3623 610 3657 nort
632 3607 838 3671 improbandum
859 3609 896 3655 ait
924 3603 960 3664 cf.
982 3604 1009 3655 0.
1029 3602 1136 3668 siesbye

91 3689 153 3724 turc.
176 3674 243 3740 ptit.
266 3675 303 3725 ad
320 3674 486 3740 Madvigium
503 3678 574 3725 misr.
593 3676 686 3737 (Haeo.
708 3676 826 3739 535611),
847 3677 909 3726 255:
929 3672 996 3739 Syri,
1015 3669 1108 3720 Damae
1132 3674 1136 3730 1

91 3748 95 3789 t
114 3742 308 3805 55555151143
328 3741 415 3794 lunera
435 3757 533 3806 magna,
553 3744 572 3793 l.
592 3744 621 3794 B.
641 3743 799 3808 Aklemcyer
817 3743 883 3807 disp.
903 3741 934 3790 dc
952 3740 969 3789 l.
983 3738 1046 3789 Hor.
1058 3752 1136 3786 somn.

91 3810 118 3944 6,Ι
135 3811 237 3928 ‘lg-44
254 3810 427 3870 (Puderborn.
449 3813 657 3876 5341115951.
677 3810 737 3875 (Mc)
758 3810 762 3876 1
786 3814 817 3863 tr
836 3825 892 3860 sum
911 3809 948 3871 (o)
970 3805 975 3872 1
999 3807 1031 3857 49
1050 3804 1136 3855 forsan

91 3880 98 3940 1
134 3879 149 3928 5
184 3891 289 3943 possum
308 3881 342 3942 tu)
