2640 4372
134 190 194 251 186
501 190 731 244 aristoxenum
750 194 758 244 l
780 185 845 247 lsi.

217 365 289 426 Cum
312 364 352 425 sis
374 373 403 424 et
425 381 513 443 prave
534 374 647 426 sectum
669 366 862 427 stomacheris
884 366 922 427 ob
947 386 1078 448 unguem

131 461 173 511 105
216 451 258 511 lic
281 459 310 510 tc
333 448 499 528 pendentis,
522 458 550 510 te
573 450 759 529 respicientis
780 452 877 512 amici.

216 536 259 596 Ad
283 552 442 596 summam:
466 534 582 614 sapiens
605 554 666 595 uno
689 535 788 596 minor
809 546 854 597 est
875 535 955 611 love,
977 539 1067 614 dives,

215 620 314 693 Liber,
337 620 509 693 honoratus,
533 619 665 698 pulcher,
688 638 740 681 rex
763 621 891 700 denique
913 640 1028 702 regum,

216 705 376 784 Praecipue
398 722 497 777 sanus,
520 705 577 764 nisi
600 724 667 766 cum
690 706 794 783 pituita
817 707 938 768 molesta
961 720 1015 770 est.

650 992 676 1052 ll

215 1113 335 1174 Troiani
358 1110 427 1171 belli
448 1111 634 1189 scriptorem,
659 1111 782 1171 Maxime
804 1111 889 1185 Lolli,

213 1200 288 1259 llum
311 1208 343 1259 tu
366 1196 510 1257 declamas
533 1195 652 1270 Rornae,
678 1198 835 1256 Praeneste
856 1197 959 1276 relegi,

213 1283 281 1355 Qui,
305 1282 375 1362 quid
397 1281 435 1343 sit
455 1281 622 1360 pulchrum,
645 1281 715 1359 quid
732 1291 828 1359 turpe,
852 1282 922 1360 quid
939 1283 1019 1359 utile,
1043 1285 1112 1362 quid
1131 1305 1201 1349 non

214 1369 334 1430 Planius
357 1386 391 1428 ac
413 1366 518 1427 melius
541 1366 705 1445 Chrysippo
728 1375 757 1426 et
780 1366 923 1428 Crantore
946 1368 1025 1430 dicit

156 1466 170 1515 1
214 1453 272 1514 Cur
295 1455 332 1515 ita
356 1452 540 1526 crediderim,
564 1452 620 1512 nisi
643 1452 713 1530 quid
736 1461 764 1512 te
788 1451 917 1526 distinet,
939 1453 1019 1516 audi.

212 1538 332 1609 Fabula,
356 1557 413 1616 qua
437 1538 548 1598 Paridis
570 1547 693 1617 propter
716 1546 853 1597 narratur
874 1555 1006 1600 amorem

212 1623 333 1685 Graecia
358 1623 509 1683 barbariae
532 1624 612 1683 lento
636 1622 747 1682 conlisa
770 1621 877 1694 duello,

212 1710 374 1771 Stultorum
397 1726 501 1787 regum
524 1719 554 1768 et
576 1708 755 1787 populorum
777 1707 912 1767 continet
933 1719 1041 1770 aestus.

211 1798 346 1855 Antenor
368 1803 470 1854 censet
494 1793 560 1854 belli
583 1793 752 1871 praecidere
775 1810 910 1864 causam3

140 1889 167 1938 10
212 1879 287 1950 Ouid
313 1876 416 1940 Paris?
439 1887 472 1938 ut
494 1879 590 1939 salvus
613 1887 718 1957 regnet
738 1877 872 1955 vivatque
896 1877 1008 1954 beatus,

211 1964 282 2043 Cogi
305 1982 392 2043 posse
416 1973 518 2042 negat3
541 1963 650 2024 Nestor
671 1981 852 2041 componere
875 1962 935 2024 litis

209 2049 292 2110 lnter
314 2049 432 2110 Peliden
457 2049 574 2108 festinat
597 2057 626 2108 et
648 2049 726 2108 inter
749 2047 887 2122 atridem

210 2134 297 2194 Hunc
319 2151 411 2206 amor,
434 2133 476 2192 ira
498 2133 616 2211 quidem
639 2133 837 2192 communiter
858 2132 919 2193 urit
941 2142 1110 2215 utrumque.

211 2217 359 2296 Quidquid
382 2217 508 2277 delirant
529 2236 623 2296 reges,
647 2217 818 2296 plectuntur
839 2218 950 2278 Achivi.

140 2314 168 2364 ts
211 2303 372 2377 Seditione,
395 2302 479 2375 dolis,
502 2303 614 2364 scelere
636 2313 724 2381 atque
747 2302 868 2363 libidine
891 2304 984 2364 stira

210 2389 314 2450 lliacos
336 2390 412 2449 intra
435 2406 536 2448 muros
557 2399 697 2466 peccatur
719 2396 748 2448 et
770 2397 860 2448 extra.

211 2475 334 2549 Rursus,
357 2474 425 2553 quid
451 2474 542 2534 virtus
565 2483 593 2533 et
616 2474 685 2552 quid
708 2473 850 2552 sapientia
874 2473 976 2551 possit,

210 2560 287 2621 Utile
309 2559 465 2639 proposuit
489 2558 574 2620 nobis
597 2559 746 2637 exemplar
770 2557 885 2631 Ulixen,

211 2645 268 2716 Oui
291 2645 418 2705 domitor
439 2645 545 2704 Troiae
568 2645 728 2704 multorum
751 2643 891 2721 providus
912 2643 1003 2704 urbes

138 2739 167 2789 20
209 2730 246 2791 Et
268 2749 366 2792 mores
388 2730 543 2790 hominum
566 2729 696 2808 inspexit
717 2729 868 2806 latumque
891 2747 945 2807 per
967 2747 1089 2807 aequor,

209 2817 285 2876 llum
308 2815 373 2888 sibi,
396 2815 464 2875 dum
488 2815 575 2875 sociis
598 2815 725 2875 reditum
747 2824 838 2892 parat,
860 2831 966 2892 aspera
988 2815 1079 2876 multa

209 2899 342 2974 Pertulit,
364 2898 491 2959 adversis
513 2917 612 2958 rerum
636 2898 831 2959 inmersahilis
853 2900 949 2964 undis.

210 2986 346 3047 Sirenum
368 3002 455 3044 voces
477 2992 507 3043 et
528 2983 629 3044 Circae
650 2983 756 3064 pocula
779 2985 873 3060 nosti;

209 3070 290 3139 Quae
312 3069 336 3129 si
359 3087 427 3129 cum
448 3069 536 3130 sociis
558 3069 665 3130 stultus
687 3068 870 3148 cupidusque
893 3067 1026 3142 bibisset,

138 3163 165 3213 25
209 3154 271 3214 Sub
294 3154 411 3214 domina
433 3153 589 3215 meretrice
611 3155 714 3216 luisset
735 3154 830 3233 turpis
852 3165 882 3214 et
902 3172 1016 3228 excors,

209 3239 334 3300 Vixisset
355 3239 436 3300 canis
459 3239 620 3301 inmundus
642 3239 687 3300 vel
709 3239 801 3299 amica
823 3239 886 3300 luto
909 3259 969 3300 sus.

208 3324 269 3385 Nos
292 3343 433 3386 numerus
455 3343 556 3386 sumus
578 3334 609 3385 et
629 3326 729 3403 fruges
752 3342 928 3386 consumere
951 3323 1022 3396 nati,

211 3409 319 3489 Sponsi
343 3410 508 3489 Penelopae
531 3408 706 3485 nebulones
729 3409 906 3489 Alcinoique

207 3495 241 3555 ln
265 3505 333 3556 cute
355 3495 483 3556 curanda
506 3495 573 3574 plus
595 3513 689 3574 aequo
712 3503 831 3574 operata
852 3495 999 3568 iuventus,

1204 1336 1216 1365 9

208 3749 226 3799 ll
245 3765 269 3800 o.
290 3753 302 3800 1
323 3748 441 3813 blaxime]
461 3748 623 3798 Melneleius:
641 3750 749 3800 maxime
769 3749 774 3813 Ι
794 3751 811 3799 l
829 3749 929 3814 plenius
953 3747 959 3816 Ι
983 3753 998 3802 5
1017 3747 1116 3801 detinet
1132 3749 1167 3812 (v)
1186 3747 1191 3808 1

123 3820 254 3869 Saestum
282 3817 286 3882 Ι
315 3821 346 3869 10
364 3815 437 3876 Quod
461 3815 548 3880 Paris,
571 3819 606 3882 (a)
633 3817 637 3881 Ι
665 3817 858 3869 testationem
882 3832 942 3867 cum
960 3817 996 3869 al.
1014 3818 1075 3870 roll.
1094 3817 1190 3869 Arnon.

123 3889 197 3950 epist.
215 3885 240 3947 9,
260 3887 305 3936 14:
322 3885 410 3952 sponsi
430 3882 582 3952 Penelopae,
601 3885 742 3938 nebulones
759 3886 796 3940 al.
