2640 4372
533 220 722 299 surrmnuu
740 220 749 270 1
767 224 791 272 5.

209 393 300 452 Nauta
323 392 408 471 piger
430 411 499 452 saxo
523 391 626 470 religat
649 393 804 470 stertitque
827 392 962 470 supinus.

210 478 330 555 lamque
353 477 414 537 dies
436 477 545 548 aderat,
571 477 611 536 nil
635 495 700 536 cum
725 477 886 555 procedere
908 478 1027 537 lintrem

210 562 370 630 Sentimus,
394 562 490 622 donec
513 561 689 623 cerebrosus
711 561 826 641 prosilit
847 580 926 622 unus

210 647 251 706 Ac
274 648 370 706 mulae
394 656 560 724 nautaeque
583 659 672 725 caput
693 647 871 724 lumbosque
894 646 1008 725 saligno

212 731 300 792 Fuste
323 732 417 804 dolat;
441 742 544 809 quarta
567 732 612 791 vir
635 732 751 791 demum
777 731 955 809 exponimur
977 732 1058 792 hora.

211 816 269 877 Ora
293 836 456 894 manusque
478 828 527 876 tua
551 817 682 887 lavimus,
706 816 841 888 Feronia,
865 815 999 895 lympba3

211 900 288 961 Milia
311 912 373 961 tum
397 905 497 980 pransi
521 902 576 960 tria
599 902 729 979 repimus
752 910 840 978 atque
862 901 996 962 subimus

210 986 383 1065 Impositum
407 987 482 1046 saris
504 986 779 1046 late.candentibus
801 987 913 1045 Anxur.

210 1071 276 1131 Huc
297 1081 440 1132 venturus
463 1080 525 1130 erat
547 1071 701 1131 llaeceuas
725 1071 853 1149 optimus
876 1079 963 1148 atque

211 1155 360 1228 Cocceius,
383 1156 464 1216 missi
487 1157 601 1232 magnis
623 1157 659 1215 de
682 1155 772 1216 rebus
794 1165 920 1233 uterque
1007 1226 1010 1234 Ι

210 1241 321 1318 Legati,
345 1260 462 1301 aversos
485 1240 561 1300 soliti
585 1259 768 1318 componere
790 1241 907 1301 amicos.

211 1326 267 1385 llic
290 1326 383 1385 oculis
407 1344 461 1403 ego
486 1325 569 1402 nigra
592 1326 664 1386 meis
687 1326 806 1405 collyria
831 1325 928 1403 lippus

213 1410 358 1482 lnlinere;
381 1410 494 1470 interea
518 1411 670 1470 Maecenas
693 1410 812 1469 advenit
834 1419 921 1488 atque

212 1496 354 1555 Cocceius
377 1495 538 1573 Capitoque
562 1495 649 1555 simul
672 1495 824 1564 Fonteius,
848 1494 883 1553 ad
907 1512 1038 1571 unguem

212 1579 318 1640 Factus
341 1580 439 1651 bomo,
463 1580 574 1640 Antoni
598 1599 659 1639 non
683 1589 715 1640 ut
737 1580 829 1658 magis
852 1580 925 1638 alter
948 1579 1068 1639 amicus.

211 1664 333 1724 Fundos
355 1664 470 1725 Aufidio
494 1666 590 1725 Lusco
614 1676 750 1743 praetore
774 1665 900 1724 libenter

156 1763 164 1775 '
212 1748 397 1827 Linquimus
421 1750 517 1809 insani
541 1751 670 1810 ridentes
692 1750 821 1828 praemia
845 1748 970 1817 scribae,

210 1834 392 1893 Praetextam
418 1845 446 1892 et
469 1835 557 1894 latum
581 1835 693 1893 clavum
717 1852 889 1912 prunaeque
910 1833 1051 1893 vatillum.

211 1918 243 1976 ln
268 1918 483 1977 Mamurrarum
508 1919 573 1979 lassi
597 1920 703 1979 deinde
726 1920 799 1979 urbe
822 1936 985 1989 munemne,

211 2002 332 2061 Murena
357 2003 516 2079 praebente
540 2004 669 2075 domum,
693 2003 834 2082 Capitone
858 2002 996 2062 culinam.

212 2086 333 2146 Postera
356 2088 406 2146 lux
429 2089 524 2147 oritur
547 2089 640 2147 multo
663 2089 844 2166 gratissima3
868 2105 996 2165 namque

212 2170 324 2230 Plotius
347 2180 377 2231 et
398 2170 501 2231 Varius
525 2172 681 2234 Sinuessae
705 2173 909 2251 Vergiliusque

212 2255 392 2326 Occurrunt,
417 2256 541 2329 animae,
565 2258 659 2335 qualis
683 2277 780 2336 neque
803 2256 991 2317 candidiores

212 2340 301 2400 Terra
325 2341 392 2400 tulit
414 2360 511 2419 neque
534 2343 600 2419 quis
624 2361 670 2402 me
693 2343 731 2403 sit
752 2343 916 2402 devinctior
938 2342 1021 2401 alter.

212 2424 235 2483 Ο
259 2427 309 2503 qui
332 2426 504 2504 complexus
527 2439 556 2486 et
578 2429 681 2504 gaudia
706 2436 814 2505 quanta
837 2427 973 2486 lueruntl

210 2510 256 2569 Nil
280 2530 334 2589 ego
358 2512 535 2572 contulerim
559 2512 688 2572 iucuudo
711 2531 802 2572 sanus
824 2512 929 2571 amico.

154 2608 163 2619 ·
210 2595 344 2656 Proxima
369 2598 518 2673 Campano
541 2599 624 2674 ponti
648 2615 722 2674 quae
746 2597 842 2656 villula
865 2606 975 2656 tectum

210 2680 350 2740 Praebuit
372 2691 399 2741 et
422 2683 543 2761 parochi
568 2700 643 2759 quae
665 2682 775 2741 debent
797 2683 875 2758 ligna
900 2681 1060 2758 salemque.

210 2765 287 2825 Hinc
310 2766 380 2826 muli
404 2767 519 2844 Capuae
543 2766 665 2826 clitellas
686 2776 819 2845 tempore
844 2775 977 2843 ponunt;

210 2848 320 2909 Lusum
345 2852 367 2909 it
389 2851 551 2917 Maecenas,
576 2851 735 2910 dormitum
761 2869 816 2928 ego
832 2850 1048 2928 Vergiliusque,

210 2931 342 3011 Namque
366 2935 423 3012 pila
446 2935 535 3013 lippis
558 2937 710 2995 inimicum
735 2946 764 2995 et
785 2936 887 2996 ludere
910 2934 1019 2995 crudis.

138 3026 167 3073 50
211 3016 287 3077 Hinc
311 3037 365 3078 nos
388 3019 491 3078 Coccei
518 3021 624 3098 recipit
647 3021 818 3098 plenissima
841 3020 915 3085 villa,

211 3100 292 3170 Quae
315 3121 405 3180 super
427 3113 472 3164 est
494 3103 583 3164 Caudi
606 3123 765 3183 cauponas.
789 3138 831 3150 -
852 3105 938 3165 Nunc
960 3104 1031 3163 mihi
1054 3101 1153 3183 paucis
1204 3130 1206 3134 ⁴

210 3185 356 3245 Sarmenti
380 3206 499 3248 scurrae
522 3207 652 3266 pugnam
677 3191 822 3268 Messique
845 3190 947 3250 Cicirri
1045 3214 1047 3218 ⁸

210 3270 290 3330 Musa
314 3272 398 3330 velim
422 3292 568 3333 memores
591 3283 620 3334 et
643 3293 701 3352 quo
724 3285 807 3353 patre
831 3284 916 3335 natus
938 3282 1065 3351 uterque

210 3352 375 3416 Contulerit
396 3357 470 3418 litis:
496 3359 581 3419 Messi
605 3360 716 3419 clarum
739 3378 834 3436 genus
857 3359 936 3429 Osci,

137 3449 165 3497 55
211 3439 357 3500 Sarmenti
379 3441 497 3502 domina
520 3453 626 3517 exstat3
650 3445 686 3504 ab
710 3446 754 3505 bis
776 3445 937 3505 maioribus
960 3442 1016 3503 orti

209 3692 231 3742 V
249 3709 272 3744 o.
292 3695 322 3745 27
342 3691 485 3756 Maecenas,
504 3694 616 3758 optimus
626 3695 713 3748 Bontl.
731 3696 735 3759 l
751 3697 784 3746 36
802 3695 930 3758 vatillum]
943 3692 979 3755 cs.
993 3693 1042 3744 Fr.
1055 3689 1199 3741 Buecheler

126 3761 238 3814 Umbrio.
265 3778 291 3826 p.
312 3763 358 3820 63;
389 3760 417 3811 G.
438 3760 518 3810 Goetz
542 3778 584 3826 op.
602 3761 740 3813 Loowi'um
764 3764 803 3828 gl.
822 3780 893 3816 nom.
923 3778 949 3828 p.
969 3764 1017 3815 180
1036 3776 1063 3811 n.
1090 3765 1199 3810 auctore

122 3829 153 3880 H.
172 3828 335 3895 Nettleeliip:
353 3829 468 3880 batillum
488 3830 523 3893 (v)
545 3830 548 3892 l
573 3832 605 3882 39
624 3831 738 3895 proxima
765 3834 770 3897 Ι
795 3834 824 3882 bl
846 3830 929 3883 claudi
957 3831 961 3897 l
989 3830 1022 3881 bl
1041 3827 1140 3888 Cicirri]
1164 3822 1198 3885 es.

124 3897 217 3962 Boon„
234 3897 368 3962 Bergkius
386 3913 475 3962 opusc.
493 3897 512 3948 ll
532 3900 589 3962 274,
604 3906 616 3946 5
633 3902 637 3964 l
653 3899 742 3950 cicerri
761 3898 796 3957 ef.
816 3916 839 3950 υ.
860 3900 891 3949 65
