<?xml version="1.0" encoding="UTF-8"?>
<!DOCTYPE html PUBLIC "-//W3C//DTD XHTML 1.0 Transitional//EN"
    "http://www.w3.org/TR/xhtml1/DTD/xhtml1-transitional.dtd">
<html xmlns="http://www.w3.org/1999/xhtml" xml:lang="en" lang="en">
 <head>
  <title>
</title>
<meta http-equiv="Content-Type" content="text/html;charset=utf-8" />
  <meta name='ocr-system' content='tesseract 3.04.00' />
  <meta name='ocr-capabilities' content='ocr_page ocr_carea ocr_par ocr_line ocrx_word'/>
</head>
<body>
  <div class='ocr_page' id='page_1' title='image "./qhoratiiflaccic01hertgoog_0233.png"; bbox 0 0 2640 4372; ppageno 0'>
   <div class='ocr_carea' id='block_1_1' title="bbox 510 218 821 273">
    <p class='ocr_par' dir='ltr' id='par_1_1' title="bbox 510 218 821 273">
     <span class='ocr_line' id='line_1_1' title="bbox 510 218 821 273; baseline 0.006 -2"><span class='ocrx_word' id='word_1_1' title='bbox 510 218 742 272; x_wconf 71' lang='lat' dir='ltr'><strong>EPISTULARUM</strong></span> <span class='ocrx_word' id='word_1_2' title='bbox 758 221 780 272; x_wconf 93' lang='lat' dir='ltr'>ll</span> <span class='ocrx_word' id='word_1_3' title='bbox 796 223 821 273; x_wconf 84' lang='lat'><em>2</em></span> 
     </span>
    </p>
   </div>
   <div class='ocr_carea' id='block_1_2' title="bbox 122 392 1202 3621">
    <p class='ocr_par' dir='ltr' id='par_1_2' title="bbox 210 392 955 467">
     <span class='ocr_line' id='line_1_2' title="bbox 210 392 955 467; baseline 0.001 -15"><span class='ocrx_word' id='word_1_4' title='bbox 210 392 345 453; x_wconf 85' lang='lat' dir='ltr'>Prudens</span> <span class='ocrx_word' id='word_1_5' title='bbox 368 393 464 453; x_wconf 78' lang='lat' dir='ltr'><strong>emisti</strong></span> <span class='ocrx_word' id='word_1_6' title='bbox 486 393 632 467; x_wconf 81' lang='lat' dir='ltr'>vitiosum,</span> <span class='ocrx_word' id='word_1_7' title='bbox 656 393 731 452; x_wconf 90' lang='lat' dir='ltr'>dicta</span> <span class='ocrx_word' id='word_1_8' title='bbox 754 393 955 466; x_wconf 68' lang='lat' dir='ltr'>unienter,</span> 
     </span>
    </p>

    <p class='ocr_par' dir='ltr' id='par_1_3' title="bbox 209 478 1028 558">
     <span class='ocr_line' id='line_1_3' title="bbox 209 478 1028 558; baseline 0.004 -21"><span class='ocrx_word' id='word_1_9' title='bbox 209 478 381 557; x_wconf 88' lang='lat' dir='ltr'>lnsequeris</span> <span class='ocrx_word' id='word_1_10' title='bbox 402 487 500 538; x_wconf 89' lang='lat' dir='ltr'>tamen</span> <span class='ocrx_word' id='word_1_11' title='bbox 525 479 606 539; x_wconf 91' lang='lat' dir='ltr'>hunc</span> <span class='ocrx_word' id='word_1_12' title='bbox 628 487 658 539; x_wconf 92' lang='lat' dir='ltr'>et</span> <span class='ocrx_word' id='word_1_13' title='bbox 679 478 730 538; x_wconf 90' lang='lat' dir='ltr'>lite</span> <span class='ocrx_word' id='word_1_14' title='bbox 752 479 877 538; x_wconf 89' lang='lat' dir='ltr'>moraris</span> <span class='ocrx_word' id='word_1_15' title='bbox 900 479 1028 558; x_wconf 81' lang='lat' dir='ltr'>iniqua?</span> 
     </span>
    </p>

    <p class='ocr_par' dir='ltr' id='par_1_4' title="bbox 211 563 876 642">
     <span class='ocr_line' id='line_1_4' title="bbox 211 563 876 642; baseline -0.002 -18"><span class='ocrx_word' id='word_1_16' title='bbox 211 563 276 624; x_wconf 81' lang='lat' dir='ltr'>lliri</span> <span class='ocrx_word' id='word_1_17' title='bbox 298 581 346 623; x_wconf 94' lang='lat' dir='ltr'>me</span> <span class='ocrx_word' id='word_1_18' title='bbox 369 563 487 641; x_wconf 82' lang='lat' dir='ltr'>pigrum</span> <span class='ocrx_word' id='word_1_19' title='bbox 508 564 710 642; x_wconf 83' lang='lat' dir='ltr'>proficiscenti</span> <span class='ocrx_word' id='word_1_20' title='bbox 730 563 794 636; x_wconf 82' lang='lat' dir='ltr'>ubi,</span> <span class='ocrx_word' id='word_1_21' title='bbox 816 563 876 623; x_wconf 84' lang='lat' dir='ltr'>dixi</span> 
     </span>
    </p>

    <p class='ocr_par' dir='ltr' id='par_1_5' title="bbox 209 647 1019 728">
     <span class='ocr_line' id='line_1_5' title="bbox 209 647 1019 728; baseline 0.005 -21"><span class='ocrx_word' id='word_1_22' title='bbox 209 647 330 709; x_wconf 78' lang='lat' dir='ltr'>Talibus</span> <span class='ocrx_word' id='word_1_23' title='bbox 352 647 457 709; x_wconf 88' lang='lat' dir='ltr'>olliciis</span> <span class='ocrx_word' id='word_1_24' title='bbox 478 667 573 728; x_wconf 83' lang='lat' dir='ltr'>prope</span> <span class='ocrx_word' id='word_1_25' title='bbox 595 667 744 721; x_wconf 89' lang='lat' dir='ltr'>mancum,</span> <span class='ocrx_word' id='word_1_26' title='bbox 768 668 806 708; x_wconf 92' lang='lat' dir='ltr'>ne</span> <span class='ocrx_word' id='word_1_27' title='bbox 829 666 894 709; x_wconf 93' lang='lat' dir='ltr'>mea</span> <span class='ocrx_word' id='word_1_28' title='bbox 916 667 1019 711; x_wconf 83' lang='lat' dir='ltr'>saevus</span> 
     </span>
    </p>

    <p class='ocr_par' dir='ltr' id='par_1_6' title="bbox 210 733 952 814">
     <span class='ocr_line' id='line_1_6' title="bbox 210 733 952 814; baseline 0.004 -22"><span class='ocrx_word' id='word_1_29' title='bbox 210 733 346 811; x_wconf 85' lang='lat' dir='ltr'>lurgares</span> <span class='ocrx_word' id='word_1_30' title='bbox 366 734 402 792; x_wconf 91' lang='lat' dir='ltr'>ad</span> <span class='ocrx_word' id='word_1_31' title='bbox 425 743 455 793; x_wconf 94' lang='lat' dir='ltr'>te</span> <span class='ocrx_word' id='word_1_32' title='bbox 477 736 557 813; x_wconf 88' lang='lat' dir='ltr'>quod</span> <span class='ocrx_word' id='word_1_33' title='bbox 580 733 705 814; x_wconf 79' lang='lat' dir='ltr'><strong>epistula</strong></span> <span class='ocrx_word' id='word_1_34' title='bbox 728 734 808 793; x_wconf 91' lang='lat' dir='ltr'>nulla</span> <span class='ocrx_word' id='word_1_35' title='bbox 830 733 952 795; x_wconf 81' lang='lat' dir='ltr'>rediret.</span> 
     </span>
    </p>

    <p class='ocr_par' dir='ltr' id='par_1_7' title="bbox 210 818 909 895">
     <span class='ocr_line' id='line_1_7' title="bbox 210 818 909 895; baseline 0 -17"><span class='ocrx_word' id='word_1_36' title='bbox 210 818 289 889; x_wconf 83' lang='lat' dir='ltr'>Quid</span> <span class='ocrx_word' id='word_1_37' title='bbox 310 828 375 879; x_wconf 94' lang='lat' dir='ltr'><strong>tum</strong></span> <span class='ocrx_word' id='word_1_38' title='bbox 399 819 521 895; x_wconf 79' lang='lat' dir='ltr'>profeci,</span> <span class='ocrx_word' id='word_1_39' title='bbox 543 837 660 879; x_wconf 90' lang='lat' dir='ltr'>mecum</span> <span class='ocrx_word' id='word_1_40' title='bbox 684 818 822 879; x_wconf 79' lang='lat' dir='ltr'>facientia</span> <span class='ocrx_word' id='word_1_41' title='bbox 844 819 909 879; x_wconf 90' lang='lat' dir='ltr'>iura</span> 
     </span>
    </p>

    <p class='ocr_par' dir='ltr' id='par_1_8' title="bbox 123 901 1202 1068">
     <span class='ocr_line' id='line_1_8' title="bbox 209 901 1202 987; baseline 0.004 -24"><span class='ocrx_word' id='word_1_42' title='bbox 209 903 240 964; x_wconf 89' lang='lat' dir='ltr'>Si</span> <span class='ocrx_word' id='word_1_43' title='bbox 262 913 360 963; x_wconf 90' lang='lat' dir='ltr'>tamen</span> <span class='ocrx_word' id='word_1_44' title='bbox 384 901 562 982; x_wconf 82' lang='lat' dir='ltr'>attemptas‘?</span> <span class='ocrx_word' id='word_1_45' title='bbox 580 939 621 947; x_wconf 99' lang='lat'><em>-</em></span> <span class='ocrx_word' id='word_1_46' title='bbox 644 902 785 973; x_wconf 85' lang='lat' dir='ltr'>Quereris</span> <span class='ocrx_word' id='word_1_47' title='bbox 807 922 898 982; x_wconf 90' lang='lat' dir='ltr'>super</span> <span class='ocrx_word' id='word_1_48' title='bbox 919 905 978 964; x_wconf 86' lang='lat' dir='ltr'>hoc</span> <span class='ocrx_word' id='word_1_49' title='bbox 1000 906 1099 978; x_wconf 88' lang='lat' dir='ltr'>etiam,</span> <span class='ocrx_word' id='word_1_50' title='bbox 1121 907 1202 987; x_wconf 88' lang='lat' dir='ltr'>quod</span> 
     </span>
     <span class='ocr_line' id='line_1_9' title="bbox 123 987 994 1068; baseline -0.002 -18"><span class='ocrx_word' id='word_1_51' title='bbox 123 1001 152 1050; x_wconf 83' lang='grc'>25</span> <span class='ocrx_word' id='word_1_52' title='bbox 206 987 384 1068; x_wconf 85' lang='lat' dir='ltr'>Exspectata</span> <span class='ocrx_word' id='word_1_53' title='bbox 407 989 461 1048; x_wconf 86' lang='lat' dir='ltr'>tibi</span> <span class='ocrx_word' id='word_1_54' title='bbox 483 1007 545 1049; x_wconf 92' lang='lat' dir='ltr'>non</span> <span class='ocrx_word' id='word_1_55' title='bbox 568 989 680 1049; x_wconf 86' lang='lat' dir='ltr'>mittam</span> <span class='ocrx_word' id='word_1_56' title='bbox 703 989 835 1049; x_wconf 88' lang='lat' dir='ltr'>carmina</span> <span class='ocrx_word' id='word_1_57' title='bbox 856 989 994 1050; x_wconf 86' lang='lat' dir='ltr'>mendax.</span> 
     </span>
    </p>

    <p class='ocr_par' dir='ltr' id='par_1_9' title="bbox 208 1072 822 1134">
     <span class='ocr_line' id='line_1_10' title="bbox 208 1072 822 1134; baseline 0.003 -2"><span class='ocrx_word' id='word_1_58' title='bbox 208 1072 324 1134; x_wconf 84' lang='lat' dir='ltr'><strong>Luculli</strong></span> <span class='ocrx_word' id='word_1_59' title='bbox 347 1073 430 1133; x_wconf 90' lang='lat' dir='ltr'>miles</span> <span class='ocrx_word' id='word_1_60' title='bbox 452 1073 575 1134; x_wconf 90' lang='lat' dir='ltr'>collecta</span> <span class='ocrx_word' id='word_1_61' title='bbox 597 1074 700 1133; x_wconf 87' lang='lat' dir='ltr'>viatica</span> <span class='ocrx_word' id='word_1_62' title='bbox 721 1074 822 1134; x_wconf 92' lang='lat' dir='ltr'>multis</span> 
     </span>
    </p>

    <p class='ocr_par' dir='ltr' id='par_1_10' title="bbox 208 1158 1106 1233">
     <span class='ocr_line' id='line_1_11' title="bbox 208 1158 1106 1233; baseline 0.006 -16"><span class='ocrx_word' id='word_1_63' title='bbox 208 1158 375 1231; x_wconf 92' lang='lat' dir='ltr'>Aerumnis‚</span> <span class='ocrx_word' id='word_1_64' title='bbox 398 1158 492 1219; x_wconf 89' lang='lat' dir='ltr'>lassus</span> <span class='ocrx_word' id='word_1_65' title='bbox 514 1160 584 1219; x_wconf 94' lang='lat' dir='ltr'>dum</span> <span class='ocrx_word' id='word_1_66' title='bbox 607 1168 700 1218; x_wconf 89' lang='lat' dir='ltr'>noctu</span> <span class='ocrx_word' id='word_1_67' title='bbox 721 1159 826 1233; x_wconf 77' lang='lat' dir='ltr'>stertit</span> <span class='ocrx_word' id='word_1_68' title='bbox 849 1159 884 1218; x_wconf 94' lang='lat' dir='ltr'>ad</span> <span class='ocrx_word' id='word_1_69' title='bbox 907 1178 1003 1222; x_wconf 90' lang='lat' dir='ltr'>assem</span> <span class='ocrx_word' id='word_1_70' title='bbox 1102 1162 1106 1169; x_wconf 84' lang='lat'><em>&#39;</em></span> 
     </span>
    </p>

    <p class='ocr_par' dir='ltr' id='par_1_11' title="bbox 209 1244 1097 1323">
     <span class='ocr_line' id='line_1_12' title="bbox 209 1244 1097 1323; baseline 0.006 -21"><span class='ocrx_word' id='word_1_71' title='bbox 209 1244 393 1318; x_wconf 82' lang='lat' dir='ltr'>Perdiderat3</span> <span class='ocrx_word' id='word_1_72' title='bbox 414 1245 562 1323; x_wconf 88' lang='lat' dir='ltr'>posthoc</span> <span class='ocrx_word' id='word_1_73' title='bbox 583 1261 705 1304; x_wconf 89' lang='lat' dir='ltr'>vemens</span> <span class='ocrx_word' id='word_1_74' title='bbox 727 1244 815 1323; x_wconf 92' lang='lat' dir='ltr'>lupus</span> <span class='ocrx_word' id='word_1_75' title='bbox 837 1254 867 1304; x_wconf 91' lang='lat' dir='ltr'>et</span> <span class='ocrx_word' id='word_1_76' title='bbox 888 1245 944 1305; x_wconf 89' lang='lat' dir='ltr'>sibi</span> <span class='ocrx_word' id='word_1_77' title='bbox 967 1256 997 1306; x_wconf 91' lang='lat' dir='ltr'>et</span> <span class='ocrx_word' id='word_1_78' title='bbox 1018 1247 1097 1307; x_wconf 88' lang='lat' dir='ltr'>hosti</span> 
     </span>
    </p>

    <p class='ocr_par' dir='ltr' id='par_1_12' title="bbox 208 1327 834 1408">
     <span class='ocr_line' id='line_1_13' title="bbox 208 1327 834 1408; baseline 0.002 -21"><span class='ocrx_word' id='word_1_79' title='bbox 208 1327 303 1390; x_wconf 90' lang='lat' dir='ltr'><strong>lratus</strong></span> <span class='ocrx_word' id='word_1_80' title='bbox 325 1329 445 1408; x_wconf 80' lang='lat' dir='ltr'>pariter,</span> <span class='ocrx_word' id='word_1_81' title='bbox 467 1329 574 1389; x_wconf 91' lang='lat' dir='ltr'>ieiunis</span> <span class='ocrx_word' id='word_1_82' title='bbox 596 1328 736 1389; x_wconf 84' lang='lat' dir='ltr'>dentibus</span> <span class='ocrx_word' id='word_1_83' title='bbox 757 1347 834 1399; x_wconf 85' lang='lat' dir='ltr'>acer,</span> 
     </span>
    </p>

    <p class='ocr_par' dir='ltr' id='par_1_13' title="bbox 209 1413 908 1491">
     <span class='ocr_line' id='line_1_14' title="bbox 209 1413 908 1491; baseline 0.003 -19"><span class='ocrx_word' id='word_1_84' title='bbox 209 1413 391 1474; x_wconf 86' lang='lat' dir='ltr'>Praesidium</span> <span class='ocrx_word' id='word_1_85' title='bbox 414 1415 512 1491; x_wconf 82' lang='lat' dir='ltr'>regale</span> <span class='ocrx_word' id='word_1_86' title='bbox 534 1414 600 1474; x_wconf 92' lang='lat' dir='ltr'>loco</span> <span class='ocrx_word' id='word_1_87' title='bbox 623 1413 737 1484; x_wconf 80' lang='lat' dir='ltr'>deiecit,</span> <span class='ocrx_word' id='word_1_88' title='bbox 759 1423 793 1474; x_wconf 91' lang='lat' dir='ltr'><strong>ut</strong></span> <span class='ocrx_word' id='word_1_89' title='bbox 814 1414 908 1485; x_wconf 83' lang='lat' dir='ltr'>aiunt,</span> 
     </span>
    </p>

    <p class='ocr_par' dir='ltr' id='par_1_14' title="bbox 208 1499 944 1560">
     <span class='ocr_line' id='line_1_15' title="bbox 208 1499 944 1560; baseline 0.001 -3"><span class='ocrx_word' id='word_1_90' title='bbox 208 1499 329 1558; x_wconf 89' lang='lat' dir='ltr'>Summe</span> <span class='ocrx_word' id='word_1_91' title='bbox 352 1500 467 1559; x_wconf 90' lang='lat' dir='ltr'>munito</span> <span class='ocrx_word' id='word_1_92' title='bbox 490 1509 519 1560; x_wconf 90' lang='lat' dir='ltr'>et</span> <span class='ocrx_word' id='word_1_93' title='bbox 541 1499 698 1560; x_wconf 91' lang='lat' dir='ltr'><strong>multarum</strong></span> <span class='ocrx_word' id='word_1_94' title='bbox 722 1499 810 1559; x_wconf 86' lang='lat' dir='ltr'>divite</span> <span class='ocrx_word' id='word_1_95' title='bbox 832 1517 944 1559; x_wconf 89' lang='lat' dir='ltr'>rerum.</span> 
     </span>
    </p>

    <p class='ocr_par' dir='ltr' id='par_1_15' title="bbox 210 1584 980 1657">
     <span class='ocr_line' id='line_1_16' title="bbox 210 1584 980 1657; baseline 0.003 -13"><span class='ocrx_word' id='word_1_96' title='bbox 210 1584 313 1645; x_wconf 81' lang='lat' dir='ltr'><strong>Clarus</strong></span> <span class='ocrx_word' id='word_1_97' title='bbox 336 1584 373 1646; x_wconf 91' lang='lat' dir='ltr'>ob</span> <span class='ocrx_word' id='word_1_98' title='bbox 396 1584 424 1644; x_wconf 94' lang='lat' dir='ltr'>id</span> <span class='ocrx_word' id='word_1_99' title='bbox 448 1587 557 1645; x_wconf 86' lang='lat' dir='ltr'><strong>lactum</strong></span> <span class='ocrx_word' id='word_1_100' title='bbox 581 1585 668 1644; x_wconf 91' lang='lat' dir='ltr'>donis</span> <span class='ocrx_word' id='word_1_101' title='bbox 691 1594 815 1645; x_wconf 90' lang='lat' dir='ltr'>ornatur</span> <span class='ocrx_word' id='word_1_102' title='bbox 837 1585 980 1657; x_wconf 84' lang='lat' dir='ltr'>honestis,</span> 
     </span>
    </p>

    <p class='ocr_par' dir='ltr' id='par_1_16' title="bbox 208 1669 995 1748">
     <span class='ocr_line' id='line_1_17' title="bbox 208 1669 995 1748; baseline 0.001 -19"><span class='ocrx_word' id='word_1_103' title='bbox 208 1669 323 1748; x_wconf 79' lang='lat' dir='ltr'>Accipit</span> <span class='ocrx_word' id='word_1_104' title='bbox 346 1669 441 1730; x_wconf 89' lang='lat' dir='ltr'>ethis</span> <span class='ocrx_word' id='word_1_105' title='bbox 463 1670 539 1730; x_wconf 90' lang='lat' dir='ltr'>dena</span> <span class='ocrx_word' id='word_1_106' title='bbox 561 1687 652 1748; x_wconf 90' lang='lat' dir='ltr'>super</span> <span class='ocrx_word' id='word_1_107' title='bbox 673 1670 806 1730; x_wconf 88' lang='lat' dir='ltr'>sestertia</span> <span class='ocrx_word' id='word_1_108' title='bbox 829 1688 995 1730; x_wconf 92' lang='lat' dir='ltr'>nummum.</span> 
     </span>
    </p>

    <p class='ocr_par' dir='ltr' id='par_1_17' title="bbox 122 1754 1069 1921">
     <span class='ocr_line' id='line_1_18' title="bbox 208 1754 1069 1834; baseline 0.002 -19"><span class='ocrx_word' id='word_1_109' title='bbox 208 1754 298 1816; x_wconf 86' lang='lat' dir='ltr'>Forte</span> <span class='ocrx_word' id='word_1_110' title='bbox 320 1754 375 1816; x_wconf 89' lang='lat' dir='ltr'>sub</span> <span class='ocrx_word' id='word_1_111' title='bbox 398 1756 455 1815; x_wconf 89' lang='lat' dir='ltr'>hoc</span> <span class='ocrx_word' id='word_1_112' title='bbox 478 1766 595 1833; x_wconf 89' lang='lat' dir='ltr'>tempus</span> <span class='ocrx_word' id='word_1_113' title='bbox 618 1755 770 1815; x_wconf 86' lang='lat' dir='ltr'>castellum</span> <span class='ocrx_word' id='word_1_114' title='bbox 792 1765 924 1816; x_wconf 84' lang='lat' dir='ltr'>evertere</span> <span class='ocrx_word' id='word_1_115' title='bbox 947 1767 1069 1834; x_wconf 91' lang='lat' dir='ltr'>praetor</span> 
     </span>
     <span class='ocr_line' id='line_1_19' title="bbox 122 1840 980 1921; baseline -0.001 -20"><span class='ocrx_word' id='word_1_116' title='bbox 122 1852 151 1901; x_wconf 82' lang='grc'>35</span> <span class='ocrx_word' id='word_1_117' title='bbox 207 1840 313 1901; x_wconf 86' lang='lat' dir='ltr'>Nescio</span> <span class='ocrx_word' id='word_1_118' title='bbox 338 1841 417 1917; x_wconf 89' lang='lat' dir='ltr'>quod</span> <span class='ocrx_word' id='word_1_119' title='bbox 440 1841 574 1919; x_wconf 86' lang='lat' dir='ltr'>cupiens,</span> <span class='ocrx_word' id='word_1_120' title='bbox 596 1840 709 1900; x_wconf 85' lang='lat' dir='ltr'>hortari</span> <span class='ocrx_word' id='word_1_121' title='bbox 731 1841 831 1921; x_wconf 90' lang='lat' dir='ltr'>coepit</span> <span class='ocrx_word' id='word_1_122' title='bbox 852 1841 980 1900; x_wconf 93' lang='lat' dir='ltr'>eundem</span> 
     </span>
    </p>

    <p class='ocr_par' dir='ltr' id='par_1_18' title="bbox 209 1925 1132 2004">
     <span class='ocr_line' id='line_1_20' title="bbox 209 1925 1132 2004; baseline 0 -20"><span class='ocrx_word' id='word_1_123' title='bbox 209 1925 323 1997; x_wconf 87' lang='lat' dir='ltr'><strong>Verbis,</strong></span> <span class='ocrx_word' id='word_1_124' title='bbox 348 1944 423 2003; x_wconf 89' lang='lat' dir='ltr'>quae</span> <span class='ocrx_word' id='word_1_125' title='bbox 445 1925 548 1985; x_wconf 90' lang='lat' dir='ltr'>timido</span> <span class='ocrx_word' id='word_1_126' title='bbox 572 1943 690 2002; x_wconf 84' lang='lat' dir='ltr'>quoque</span> <span class='ocrx_word' id='word_1_127' title='bbox 713 1935 836 2004; x_wconf 88' lang='lat' dir='ltr'>possent</span> <span class='ocrx_word' id='word_1_128' title='bbox 858 1926 965 1986; x_wconf 84' lang='lat' dir='ltr'>addere</span> <span class='ocrx_word' id='word_1_129' title='bbox 987 1936 1132 1988; x_wconf 87' lang='lat' dir='ltr'><strong>mentem:</strong></span> 
     </span>
    </p>

    <p class='ocr_par' dir='ltr' id='par_1_19' title="bbox 206 2005 1040 2089">
     <span class='ocr_line' id='line_1_21' title="bbox 206 2005 1040 2089; baseline 0.002 -19"><span class='ocrx_word' id='word_1_130' title='bbox 206 2005 232 2070; x_wconf 90' lang='lat'>‘1</span> <span class='ocrx_word' id='word_1_131' title='bbox 254 2009 343 2082; x_wconf 83' lang='lat' dir='ltr'>bone,</span> <span class='ocrx_word' id='word_1_132' title='bbox 367 2029 425 2088; x_wconf 88' lang='lat' dir='ltr'>quo</span> <span class='ocrx_word' id='word_1_133' title='bbox 449 2011 541 2070; x_wconf 90' lang='lat' dir='ltr'>virtus</span> <span class='ocrx_word' id='word_1_134' title='bbox 564 2021 664 2070; x_wconf 84' lang='lat' dir='ltr'>tuate</span> <span class='ocrx_word' id='word_1_135' title='bbox 687 2022 780 2081; x_wconf 77' lang='lat' dir='ltr'>vocat,</span> <span class='ocrx_word' id='word_1_136' title='bbox 803 2010 813 2070; x_wconf 95' lang='lat' dir='ltr'>i</span> <span class='ocrx_word' id='word_1_137' title='bbox 835 2011 910 2089; x_wconf 92' lang='lat' dir='ltr'>pede</span> <span class='ocrx_word' id='word_1_138' title='bbox 932 2011 1040 2084; x_wconf 81' lang='lat' dir='ltr'>lausto,</span> 
     </span>
    </p>

    <p class='ocr_par' dir='ltr' id='par_1_20' title="bbox 209 2087 1069 2175">
     <span class='ocr_line' id='line_1_22' title="bbox 209 2087 1069 2175; baseline 0.005 -21"><span class='ocrx_word' id='word_1_139' title='bbox 209 2095 337 2155; x_wconf 87' lang='lat' dir='ltr'>Grandia</span> <span class='ocrx_word' id='word_1_140' title='bbox 359 2095 472 2154; x_wconf 85' lang='lat' dir='ltr'><strong>laturus</strong></span> <span class='ocrx_word' id='word_1_141' title='bbox 494 2095 667 2154; x_wconf 91' lang='lat' dir='ltr'>meritorum</span> <span class='ocrx_word' id='word_1_142' title='bbox 691 2095 828 2173; x_wconf 92' lang='lat' dir='ltr'>praemia.</span> <span class='ocrx_word' id='word_1_143' title='bbox 872 2095 950 2175; x_wconf 84' lang='lat' dir='ltr'>Quid</span> <span class='ocrx_word' id='word_1_144' title='bbox 974 2087 1069 2158; x_wconf 57' lang='lat' dir='ltr'>stas?</span> 
     </span>
    </p>

    <p class='ocr_par' dir='ltr' id='par_1_21' title="bbox 209 2176 1023 2257">
     <span class='ocr_line' id='line_1_23' title="bbox 209 2176 1023 2257; baseline 0.002 -18"><span class='ocrx_word' id='word_1_145' title='bbox 209 2179 280 2239; x_wconf 88' lang='lat' dir='ltr'>Post</span> <span class='ocrx_word' id='word_1_146' title='bbox 301 2180 375 2239; x_wconf 84' lang='lat' dir='ltr'>haee</span> <span class='ocrx_word' id='word_1_147' title='bbox 397 2180 445 2239; x_wconf 95' lang='lat' dir='ltr'>ille</span> <span class='ocrx_word' id='word_1_148' title='bbox 467 2190 559 2251; x_wconf 86' lang='lat' dir='ltr'>catus,</span> <span class='ocrx_word' id='word_1_149' title='bbox 582 2180 771 2257; x_wconf 84' lang='lat' dir='ltr'>quantumvis</span> <span class='ocrx_word' id='word_1_150' title='bbox 793 2181 922 2241; x_wconf 90' lang='lat' dir='ltr'>rusticus</span> <span class='ocrx_word' id='word_1_151' title='bbox 942 2176 1023 2255; x_wconf 72' lang='lat' dir='ltr'>‘lbit</span> 
     </span>
    </p>

    <p class='ocr_par' dir='ltr' id='par_1_22' title="bbox 209 2263 983 2344">
     <span class='ocr_line' id='line_1_24' title="bbox 209 2263 983 2344; baseline 0.001 -20"><span class='ocrx_word' id='word_1_152' title='bbox 209 2264 266 2324; x_wconf 92' lang='lat' dir='ltr'>lbit</span> <span class='ocrx_word' id='word_1_153' title='bbox 289 2284 335 2337; x_wconf 82' lang='lat' dir='ltr'>eo,</span> <span class='ocrx_word' id='word_1_154' title='bbox 358 2282 417 2342; x_wconf 92' lang='lat' dir='ltr'>quo</span> <span class='ocrx_word' id='word_1_155' title='bbox 441 2264 492 2338; x_wconf 83' lang='lat' dir='ltr'>vis,</span> <span class='ocrx_word' id='word_1_156' title='bbox 515 2264 564 2342; x_wconf 91' lang='lat' dir='ltr'>qui</span> <span class='ocrx_word' id='word_1_157' title='bbox 588 2281 692 2324; x_wconf 86' lang='lat' dir='ltr'>zonam</span> <span class='ocrx_word' id='word_1_158' title='bbox 716 2263 851 2344; x_wconf 89' lang='lat' dir='ltr'>perdidit&#39;</span> <span class='ocrx_word' id='word_1_159' title='bbox 876 2266 983 2343; x_wconf 90' lang='lat' dir='ltr'>inquit.</span> 
     </span>
    </p>

    <p class='ocr_par' dir='ltr' id='par_1_23' title="bbox 209 2349 936 2428">
     <span class='ocr_line' id='line_1_25' title="bbox 209 2349 936 2428; baseline 0 -18"><span class='ocrx_word' id='word_1_160' title='bbox 209 2349 320 2410; x_wconf 84' lang='lat' dir='ltr'>Romae</span> <span class='ocrx_word' id='word_1_161' title='bbox 344 2349 450 2410; x_wconf 92' lang='lat' dir='ltr'>nutriri</span> <span class='ocrx_word' id='word_1_162' title='bbox 473 2350 544 2415; x_wconf 90' lang='lat' dir='ltr'>mihi</span> <span class='ocrx_word' id='word_1_163' title='bbox 567 2350 693 2428; x_wconf 82' lang='lat' dir='ltr'>contigit</span> <span class='ocrx_word' id='word_1_164' title='bbox 713 2361 802 2427; x_wconf 81' lang='lat' dir='ltr'>atque</span> <span class='ocrx_word' id='word_1_165' title='bbox 825 2350 936 2422; x_wconf 88' lang='lat' dir='ltr'>doceri,</span> 
     </span>
    </p>

    <p class='ocr_par' dir='ltr' id='par_1_24' title="bbox 208 2435 911 2513">
     <span class='ocr_line' id='line_1_26' title="bbox 208 2435 911 2513; baseline 0.001 -19"><span class='ocrx_word' id='word_1_166' title='bbox 208 2435 304 2496; x_wconf 88' lang='lat' dir='ltr'>Iratus</span> <span class='ocrx_word' id='word_1_167' title='bbox 327 2435 410 2495; x_wconf 88' lang='lat' dir='ltr'>Grais</span> <span class='ocrx_word' id='word_1_168' title='bbox 433 2445 576 2513; x_wconf 89' lang='lat' dir='ltr'>quantum</span> <span class='ocrx_word' id='word_1_169' title='bbox 601 2435 752 2496; x_wconf 86' lang='lat' dir='ltr'>nocuisset</span> <span class='ocrx_word' id='word_1_170' title='bbox 774 2436 911 2497; x_wconf 85' lang='lat' dir='ltr'>Achilles.</span> 
     </span>
    </p>

    <p class='ocr_par' dir='ltr' id='par_1_25' title="bbox 209 2520 939 2600">
     <span class='ocr_line' id='line_1_27' title="bbox 209 2520 939 2600; baseline 0.003 -21"><span class='ocrx_word' id='word_1_171' title='bbox 209 2520 351 2581; x_wconf 90' lang='lat' dir='ltr'>Adiecere</span> <span class='ocrx_word' id='word_1_172' title='bbox 373 2520 470 2580; x_wconf 92' lang='lat' dir='ltr'>bonae</span> <span class='ocrx_word' id='word_1_173' title='bbox 493 2520 592 2600; x_wconf 89' lang='lat' dir='ltr'>paullo</span> <span class='ocrx_word' id='word_1_174' title='bbox 614 2521 681 2599; x_wconf 92' lang='lat' dir='ltr'>plus</span> <span class='ocrx_word' id='word_1_175' title='bbox 703 2520 774 2580; x_wconf 92' lang='lat' dir='ltr'>artis</span> <span class='ocrx_word' id='word_1_176' title='bbox 796 2521 939 2591; x_wconf 83' lang='lat' dir='ltr'>Athenae,</span> 
     </span>
    </p>

    <p class='ocr_par' dir='ltr' id='par_1_26' title="bbox 209 2605 935 2666">
     <span class='ocr_line' id='line_1_28' title="bbox 209 2605 935 2666; baseline -0.003 0"><span class='ocrx_word' id='word_1_177' title='bbox 209 2606 328 2666; x_wconf 87' lang='lat' dir='ltr'><strong>Scilicet</strong></span> <span class='ocrx_word' id='word_1_178' title='bbox 350 2616 383 2665; x_wconf 88' lang='lat' dir='ltr'>ut</span> <span class='ocrx_word' id='word_1_179' title='bbox 404 2605 509 2665; x_wconf 92' lang='lat' dir='ltr'>vellem</span> <span class='ocrx_word' id='word_1_180' title='bbox 531 2623 621 2665; x_wconf 93' lang='lat' dir='ltr'>curvo</span> <span class='ocrx_word' id='word_1_181' title='bbox 644 2605 799 2666; x_wconf 85' lang='lat' dir='ltr'>dinoscere</span> <span class='ocrx_word' id='word_1_182' title='bbox 820 2614 935 2666; x_wconf 91' lang='lat' dir='ltr'>rectum</span> 
     </span>
    </p>

    <p class='ocr_par' dir='ltr' id='par_1_27' title="bbox 209 2689 975 2769">
     <span class='ocr_line' id='line_1_29' title="bbox 209 2689 975 2769; baseline 0.007 -19"><span class='ocrx_word' id='word_1_183' title='bbox 209 2695 306 2769; x_wconf 80' lang='lat' dir='ltr'><strong>Atque</strong></span> <span class='ocrx_word' id='word_1_184' title='bbox 328 2691 407 2752; x_wconf 89' lang='lat' dir='ltr'>inter</span> <span class='ocrx_word' id='word_1_185' title='bbox 428 2690 513 2751; x_wconf 89' lang='lat' dir='ltr'>silvas</span> <span class='ocrx_word' id='word_1_186' title='bbox 535 2689 674 2750; x_wconf 81' lang='lat' dir='ltr'>Academi</span> <span class='ocrx_word' id='word_1_187' title='bbox 697 2709 840 2769; x_wconf 88' lang='lat' dir='ltr'>quaerere</span> <span class='ocrx_word' id='word_1_188' title='bbox 864 2708 975 2755; x_wconf 90' lang='lat' dir='ltr'>verum.</span> 
     </span>
    </p>

    <p class='ocr_par' dir='ltr' id='par_1_28' title="bbox 210 2776 950 2854">
     <span class='ocr_line' id='line_1_30' title="bbox 210 2776 950 2854; baseline 0.001 -19"><span class='ocrx_word' id='word_1_189' title='bbox 210 2776 290 2836; x_wconf 87' lang='lat' dir='ltr'><strong>llura</strong></span> <span class='ocrx_word' id='word_1_190' title='bbox 312 2777 362 2837; x_wconf 91' lang='lat' dir='ltr'>sed</span> <span class='ocrx_word' id='word_1_191' title='bbox 386 2794 521 2836; x_wconf 92' lang='lat' dir='ltr'>emovere</span> <span class='ocrx_word' id='word_1_192' title='bbox 544 2776 610 2835; x_wconf 91' lang='lat' dir='ltr'>loco</span> <span class='ocrx_word' id='word_1_193' title='bbox 633 2795 680 2836; x_wconf 94' lang='lat' dir='ltr'>me</span> <span class='ocrx_word' id='word_1_194' title='bbox 701 2787 835 2854; x_wconf 89' lang='lat' dir='ltr'>tempora</span> <span class='ocrx_word' id='word_1_195' title='bbox 857 2787 950 2853; x_wconf 81' lang='lat' dir='ltr'>grato,</span> 
     </span>
    </p>

    <p class='ocr_par' dir='ltr' id='par_1_29' title="bbox 211 2860 953 2939">
     <span class='ocr_line' id='line_1_31' title="bbox 211 2860 953 2939; baseline -0.004 -17"><span class='ocrx_word' id='word_1_196' title='bbox 211 2861 368 2939; x_wconf 83' lang='lat' dir='ltr'>Civilisque</span> <span class='ocrx_word' id='word_1_197' title='bbox 391 2862 494 2921; x_wconf 92' lang='lat' dir='ltr'>rudem</span> <span class='ocrx_word' id='word_1_198' title='bbox 517 2860 586 2920; x_wconf 88' lang='lat' dir='ltr'>belli</span> <span class='ocrx_word' id='word_1_199' title='bbox 610 2860 677 2921; x_wconf 90' lang='lat' dir='ltr'>tulit</span> <span class='ocrx_word' id='word_1_200' title='bbox 699 2870 797 2921; x_wconf 91' lang='lat' dir='ltr'>aestus</span> <span class='ocrx_word' id='word_1_201' title='bbox 819 2861 849 2921; x_wconf 95' lang='lat' dir='ltr'>in</span> <span class='ocrx_word' id='word_1_202' title='bbox 873 2878 953 2921; x_wconf 90' lang='lat' dir='ltr'>arma</span> 
     </span>
    </p>

    <p class='ocr_par' dir='ltr' id='par_1_30' title="bbox 212 2945 925 3024">
     <span class='ocr_line' id='line_1_32' title="bbox 212 2945 925 3024; baseline -0.001 -18"><span class='ocrx_word' id='word_1_203' title='bbox 212 2945 342 3006; x_wconf 80' lang='lat' dir='ltr'>Caesaris</span> <span class='ocrx_word' id='word_1_204' title='bbox 364 2946 488 3024; x_wconf 83' lang='lat' dir='ltr'><strong>Augusti</strong></span> <span class='ocrx_word' id='word_1_205' title='bbox 512 2965 573 3005; x_wconf 92' lang='lat' dir='ltr'>non</span> <span class='ocrx_word' id='word_1_206' title='bbox 598 2964 776 3023; x_wconf 92' lang='lat' dir='ltr'>responsura</span> <span class='ocrx_word' id='word_1_207' title='bbox 800 2945 925 3006; x_wconf 89' lang='lat' dir='ltr'>lacertis.</span> 
     </span>
    </p>

    <p class='ocr_par' dir='ltr' id='par_1_31' title="bbox 212 3030 947 3109">
     <span class='ocr_line' id='line_1_33' title="bbox 212 3030 947 3109; baseline -0.001 -19"><span class='ocrx_word' id='word_1_208' title='bbox 212 3030 296 3090; x_wconf 93' lang='lat' dir='ltr'>Unde</span> <span class='ocrx_word' id='word_1_209' title='bbox 318 3030 405 3091; x_wconf 91' lang='lat' dir='ltr'>simul</span> <span class='ocrx_word' id='word_1_210' title='bbox 427 3031 556 3109; x_wconf 93' lang='lat' dir='ltr'>primum</span> <span class='ocrx_word' id='word_1_211' title='bbox 580 3050 627 3090; x_wconf 91' lang='lat' dir='ltr'>me</span> <span class='ocrx_word' id='word_1_212' title='bbox 650 3031 787 3090; x_wconf 90' lang='lat' dir='ltr'>dimisere</span> <span class='ocrx_word' id='word_1_213' title='bbox 810 3030 947 3108; x_wconf 80' lang='lat' dir='ltr'>Philippi,</span> 
     </span>
    </p>

    <p class='ocr_par' dir='ltr' id='par_1_32' title="bbox 212 3115 951 3195">
     <span class='ocr_line' id='line_1_34' title="bbox 212 3115 951 3195; baseline -0.003 -19"><span class='ocrx_word' id='word_1_214' title='bbox 212 3115 323 3176; x_wconf 85' lang='lat' dir='ltr'>Decisis</span> <span class='ocrx_word' id='word_1_215' title='bbox 345 3115 486 3175; x_wconf 90' lang='lat' dir='ltr'>humilem</span> <span class='ocrx_word' id='word_1_216' title='bbox 508 3116 609 3195; x_wconf 91' lang='lat' dir='ltr'>pinnis</span> <span class='ocrx_word' id='word_1_217' title='bbox 633 3116 813 3194; x_wconf 88' lang='lat' dir='ltr'>inopemque</span> <span class='ocrx_word' id='word_1_218' title='bbox 836 3115 951 3193; x_wconf 90' lang='lat' dir='ltr'>paterni</span> 
     </span>
    </p>

    <p class='ocr_par' dir='ltr' id='par_1_33' title="bbox 212 3200 942 3279">
     <span class='ocr_line' id='line_1_35' title="bbox 212 3200 942 3279; baseline -0.001 -20"><span class='ocrx_word' id='word_1_219' title='bbox 212 3200 250 3260; x_wconf 85' lang='lat' dir='ltr'><strong>Et</strong></span> <span class='ocrx_word' id='word_1_220' title='bbox 272 3200 341 3261; x_wconf 93' lang='lat' dir='ltr'>laris</span> <span class='ocrx_word' id='word_1_221' title='bbox 364 3209 394 3260; x_wconf 92' lang='lat' dir='ltr'>et</span> <span class='ocrx_word' id='word_1_222' title='bbox 415 3201 499 3260; x_wconf 89' lang='lat' dir='ltr'>lundi</span> <span class='ocrx_word' id='word_1_223' title='bbox 521 3211 679 3279; x_wconf 92' lang='lat' dir='ltr'>paupertas</span> <span class='ocrx_word' id='word_1_224' title='bbox 701 3200 817 3278; x_wconf 90' lang='lat' dir='ltr'>impulit</span> <span class='ocrx_word' id='word_1_225' title='bbox 838 3201 942 3272; x_wconf 80' lang='lat' dir='ltr'>audax,</span> 
     </span>
    </p>

    <p class='ocr_par' dir='ltr' id='par_1_34' title="bbox 211 3282 1104 3363">
     <span class='ocr_line' id='line_1_36' title="bbox 211 3282 1104 3363; baseline -0.002 -18"><span class='ocrx_word' id='word_1_226' title='bbox 211 3285 251 3345; x_wconf 89' lang='lat' dir='ltr'>Ut</span> <span class='ocrx_word' id='word_1_227' title='bbox 273 3303 374 3347; x_wconf 89' lang='lat' dir='ltr'>versus</span> <span class='ocrx_word' id='word_1_228' title='bbox 396 3286 533 3345; x_wconf 89' lang='lat' dir='ltr'>lacerem.</span> <span class='ocrx_word' id='word_1_229' title='bbox 579 3286 637 3344; x_wconf 89' lang='lat' dir='ltr'>Sed</span> <span class='ocrx_word' id='word_1_230' title='bbox 661 3286 740 3363; x_wconf 90' lang='lat' dir='ltr'>quod</span> <span class='ocrx_word' id='word_1_231' title='bbox 762 3304 824 3345; x_wconf 94' lang='lat' dir='ltr'>non</span> <span class='ocrx_word' id='word_1_232' title='bbox 847 3285 923 3346; x_wconf 87' lang='lat' dir='ltr'>desit</span> <span class='ocrx_word' id='word_1_233' title='bbox 943 3282 1104 3344; x_wconf 91' lang='lat' dir='ltr'>habentem</span> 
     </span>
    </p>

    <p class='ocr_par' dir='ltr' id='par_1_35' title="bbox 214 3369 1051 3449">
     <span class='ocr_line' id='line_1_37' title="bbox 214 3369 1051 3449; baseline -0.001 -19"><span class='ocrx_word' id='word_1_234' title='bbox 214 3370 296 3441; x_wconf 82' lang='lat' dir='ltr'>Quae</span> <span class='ocrx_word' id='word_1_235' title='bbox 319 3381 461 3448; x_wconf 93' lang='lat' dir='ltr'>poterunt</span> <span class='ocrx_word' id='word_1_236' title='bbox 484 3388 623 3449; x_wconf 88' lang='lat' dir='ltr'>umquam</span> <span class='ocrx_word' id='word_1_237' title='bbox 647 3370 717 3431; x_wconf 91' lang='lat' dir='ltr'>satis</span> <span class='ocrx_word' id='word_1_238' title='bbox 739 3389 904 3449; x_wconf 83' lang='lat' dir='ltr'>expurgare</span> <span class='ocrx_word' id='word_1_239' title='bbox 928 3369 1051 3439; x_wconf 79' lang='lat' dir='ltr'>cicutae,</span> 
     </span>
    </p>

    <p class='ocr_par' dir='ltr' id='par_1_36' title="bbox 127 3451 1127 3621">
     <span class='ocr_line' id='line_1_38' title="bbox 212 3451 1127 3534; baseline -0.005 -17"><span class='ocrx_word' id='word_1_240' title='bbox 212 3456 249 3517; x_wconf 92' lang='lat' dir='ltr'>Ni</span> <span class='ocrx_word' id='word_1_241' title='bbox 271 3456 377 3517; x_wconf 90' lang='lat' dir='ltr'>melius</span> <span class='ocrx_word' id='word_1_242' title='bbox 399 3456 528 3516; x_wconf 91' lang='lat' dir='ltr'>dormire</span> <span class='ocrx_word' id='word_1_243' title='bbox 551 3466 651 3534; x_wconf 89' lang='lat' dir='ltr'>putem</span> <span class='ocrx_word' id='word_1_244' title='bbox 676 3474 762 3533; x_wconf 90' lang='lat' dir='ltr'>quam</span> <span class='ocrx_word' id='word_1_245' title='bbox 786 3454 917 3517; x_wconf 84' lang='lat' dir='ltr'>scrihere</span> <span class='ocrx_word' id='word_1_246' title='bbox 939 3451 1064 3515; x_wconf 75' lang='lat' dir='ltr'>versus?</span> <span class='ocrx_word' id='word_1_247' title='bbox 1089 3487 1127 3496; x_wconf 93' lang='lat'><em>-</em></span> 
     </span>
     <span class='ocr_line' id='line_1_39' title="bbox 127 3541 946 3621; baseline -0.004 -19"><span class='ocrx_word' id='word_1_248' title='bbox 127 3552 156 3602; x_wconf 89' lang='grc'>55</span> <span class='ocrx_word' id='word_1_249' title='bbox 215 3541 339 3621; x_wconf 83' lang='lat' dir='ltr'>Singula</span> <span class='ocrx_word' id='word_1_250' title='bbox 362 3543 397 3601; x_wconf 91' lang='lat' dir='ltr'>de</span> <span class='ocrx_word' id='word_1_251' title='bbox 422 3541 507 3602; x_wconf 91' lang='lat' dir='ltr'>nobis</span> <span class='ocrx_word' id='word_1_252' title='bbox 530 3541 600 3600; x_wconf 90' lang='lat' dir='ltr'>anni</span> <span class='ocrx_word' id='word_1_253' title='bbox 624 3543 804 3619; x_wconf 89' lang='lat' dir='ltr'>praedantur</span> <span class='ocrx_word' id='word_1_254' title='bbox 826 3549 946 3602; x_wconf 90' lang='lat' dir='ltr'>euntes:</span> 
     </span>
    </p>
   </div>
   <div class='ocr_carea' id='block_1_3' title="bbox 127 3770 1205 3978">
    <p class='ocr_par' dir='ltr' id='par_1_37' title="bbox 127 3770 1205 3978">
     <span class='ocr_line' id='line_1_40' title="bbox 214 3770 1204 3844; baseline -0.008 -15"><span class='ocrx_word' id='word_1_255' title='bbox 214 3777 233 3829; x_wconf 97' lang='lat' dir='ltr'>ll</span> <span class='ocrx_word' id='word_1_256' title='bbox 252 3795 275 3830; x_wconf 86' lang='lat' dir='ltr'>u.</span> <span class='ocrx_word' id='word_1_257' title='bbox 291 3780 322 3830; x_wconf 86' lang='lat'>19</span> <span class='ocrx_word' id='word_1_258' title='bbox 340 3777 436 3843; x_wconf 85' lang='lat' dir='ltr'>inique.</span> <span class='ocrx_word' id='word_1_259' title='bbox 455 3777 490 3827; x_wconf 80' lang='lat' dir='ltr'>at.</span> <span class='ocrx_word' id='word_1_260' title='bbox 507 3775 511 3840; x_wconf 92' lang='grc' dir='ltr'>Ι</span> <span class='ocrx_word' id='word_1_261' title='bbox 528 3777 560 3827; x_wconf 90' lang='grc'>22</span> <span class='ocrx_word' id='word_1_262' title='bbox 579 3777 678 3828; x_wconf 87' lang='lat' dir='ltr'>ueniret</span> <span class='ocrx_word' id='word_1_263' title='bbox 696 3777 799 3844; x_wconf 58' lang='lat'>(10132</span> <span class='ocrx_word' id='word_1_264' title='bbox 818 3775 910 3841; x_wconf 87' lang='lat' dir='ltr'>opimis</span> <span class='ocrx_word' id='word_1_265' title='bbox 922 3777 965 3838; x_wconf 83' lang='lat'>(=</span> <span class='ocrx_word' id='word_1_266' title='bbox 977 3776 1024 3836; x_wconf 79' lang='lat'>13⁶)</span> <span class='ocrx_word' id='word_1_267' title='bbox 1040 3772 1044 3839; x_wconf 95' lang='grc' dir='ltr'>Ι</span> <span class='ocrx_word' id='word_1_268' title='bbox 1060 3774 1093 3824; x_wconf 85' lang='grc'>36</span> <span class='ocrx_word' id='word_1_269' title='bbox 1112 3770 1204 3823; x_wconf 87' lang='lat' dir='ltr'>mentis</span> 
     </span>
     <span class='ocr_line' id='line_1_41' title="bbox 127 3835 1205 3978; baseline -0.008 -79"><span class='ocrx_word' id='word_1_270' title='bbox 127 3863 160 3963; x_wconf 51' lang='grc' dir='ltr'>ἕο</span> <span class='ocrx_word' id='word_1_271' title='bbox 168 3853 269 3978; x_wconf 49' lang='lat' dir='ltr'>[iiiiii</span> <span class='ocrx_word' id='word_1_272' title='bbox 285 3839 423 3910; x_wconf 75' lang='lat' dir='ltr'>(menteis&#39;</span> <span class='ocrx_word' id='word_1_273' title='bbox 444 3845 586 3910; x_wconf 65' lang='lat' dir='ltr'>umquem)</span> <span class='ocrx_word' id='word_1_274' title='bbox 604 3846 641 3896; x_wconf 81' lang='lat' dir='ltr'>B⁰</span> <span class='ocrx_word' id='word_1_275' title='bbox 661 3846 665 3911; x_wconf 87' lang='grc' dir='ltr'>Ι</span> <span class='ocrx_word' id='word_1_276' title='bbox 687 3847 721 3896; x_wconf 86' lang='grc'>44</span> <span class='ocrx_word' id='word_1_277' title='bbox 748 3845 850 3906; x_wconf 84' lang='lat' dir='ltr'>vellem]</span> <span class='ocrx_word' id='word_1_278' title='bbox 874 3843 1003 3909; x_wconf 82' lang='lat' dir='ltr'>pessime</span> <span class='ocrx_word' id='word_1_279' title='bbox 1021 3855 1126 3955; x_wconf 79' lang='lat' dir='ltr'>possem</span> <span class='ocrx_word' id='word_1_280' title='bbox 1143 3842 1180 3904; x_wconf 84' lang='lat' dir='ltr'>(o)</span> <span class='ocrx_word' id='word_1_281' title='bbox 1199 3835 1205 3907; x_wconf 86' lang='grc' dir='ltr'>Ι</span> 
     </span>
    </p>
   </div>
   <div class='ocr_carea' id='block_1_4' title="bbox 0 0 1327 4372">
    <p class='ocr_par' dir='ltr' id='par_1_38' title="bbox 0 0 1327 4372">
     <span class='ocr_line' id='line_1_42' title="bbox 0 0 1327 4372; baseline 0 0"><span class='ocrx_word' id='word_1_282' title='bbox 0 0 1327 4372; x_wconf 95' lang='lat' dir='ltr'> </span> 
     </span>
    </p>
   </div>
  </div>
 </body>
</html>
