2640 4372
461 203 650 257 serrantium
669 205 687 256 ll
707 207 730 258 8.
1066 203 1124 262 181

145 376 279 437 Audieris
302 376 415 437 melius.
459 375 534 436 Tum
559 375 689 437 Vibidius
711 376 873 437 Balatroni:

141 455 224 522 “Nos
249 461 305 522 nisi
328 462 468 522 damnose
492 461 629 534 bibimus,
652 463 814 521 moriemur
836 454 951 531 inulti,''

147 546 183 607 llt
204 547 309 608 calices
332 547 426 625 poscit
449 547 592 619 maiores;
615 555 729 606 vertere
752 547 846 625 pallor
1098 559 1127 607 st

143 631 219 692 'lum
241 632 363 712 parochi
385 632 499 702 faciem,
523 632 564 692 nil
587 631 629 692 sic
652 632 809 692 metuentis
833 643 865 693 nt
886 633 961 693 acris

145 718 277 790 Potores,
301 716 346 777 vel
369 717 448 795 quod
472 715 652 777 maledicunt
673 716 795 778 liberius
818 717 862 778 vel

92 879 94 885 Ι
146 801 268 862 Fervida
291 802 370 880 quod
393 801 500 862 subtile
523 803 683 862 exsurdant
704 802 771 862 vina
793 803 932 881 palatum.

143 887 297 947 invertunt
319 886 450 947 Allifanis
472 886 583 947 vinaria
604 896 664 946 tota

144 970 275 1032 Vibidius
297 971 481 1049 Balatroque,
504 972 613 1032 secutis
636 971 788 1045 omnibus;
811 972 860 1032 imi
1100 984 1130 1033 tu

144 1055 288 1117 Convivae
311 1056 378 1117 lecti
401 1057 524 1117 nibilum
548 1075 678 1117 nocuere
701 1057 840 1134 lagnenis.

143 1141 282 1202 adfertur
303 1140 424 1228 squillas
445 1142 523 1202 inter
545 1160 668 1203 murena
692 1143 819 1242 nataptis

144 1226 177 1286 ln
201 1226 301 1306 patina
323 1223 470 1306 porrecta.
508 1227 570 1287 Sub
592 1228 650 1287 hoc
673 1245 742 1287 erus
761 1220 856 1287 haec
872 1215 1007 1305 gravida
1032 1227 1129 1306 inquit

140 1304 255 1390 “Capta
279 1319 333 1384 est,
356 1311 485 1372 deterior
506 1320 574 1391 post
596 1320 712 1391 partum
736 1330 826 1372 earne
849 1313 955 1371 lutura.

144 1396 195 1457 llis
219 1396 341 1457 mixtum
364 1397 411 1456 ins
434 1404 493 1457 est:
517 1397 592 1468 oleo,
616 1396 707 1493 quod
717 1398 811 1475 prima
834 1396 952 1457 Venafri
1101 1406 1130 1456 tlt

145 1481 255 1543 Pressit
276 1482 359 1553 cella,
382 1499 452 1560 garo
476 1483 513 1541 de
535 1482 613 1543 sucis
636 1482 725 1561 piscis
748 1481 859 1556 Hiberi,

146 1566 221 1627 Vino
245 1566 444 1644 quinquenni,
466 1585 568 1627 verum
592 1567 665 1626 citra
689 1576 868 1640 maronam,

144 1652 219 1712 llum
243 1652 380 1729 coquitur
403 1685 416 1695 ·
440 1663 524 1712 cocto
549 1652 653 1713 Chium
677 1652 719 1712 sic
742 1652 889 1724 convenit,
913 1660 946 1712 ut
969 1670 1029 1712 non

145 1737 208 1797 lloc
230 1736 323 1815 magis
346 1737 438 1797 ullum
461 1737 538 1797 aliud
562 1771 585 1809 ·,
608 1738 710 1816 pipere
734 1737 810 1809 albo,
835 1756 894 1797 non
918 1737 982 1797 sine
1005 1744 1098 1806 aceto,

144 1820 230 1903 Quod
252 1820 487 1900 Methymnaeam
510 1822 579 1883 vitio
604 1823 758 1882 mutaverit
779 1840 872 1881 uvam.
1100 1829 1130 1878 ω

144 1898 255 1967 Erueas
276 1906 384 1977 viridis
409 1906 505 1968 inulas
527 1927 582 1985 ego
606 1908 719 1986 primus
741 1924 854 1967 amaras

143 1991 333 2052 Monstravi'
325 2010 499 2089 incoquere,
521 1993 632 2053 inlutos
656 1991 794 2053 Curtillus
819 1993 950 2062 echinos,

144 2075 181 2136 Ut
203 2076 307 2137 melius
330 2078 424 2136 muria
447 2079 525 2155 quod
549 2088 623 2138 testa
645 2077 757 2138 marina
779 2069 935 2138 remittat?

145 2160 262 2222 lnterea
284 2180 427 2241 suspensa
451 2164 545 2239 gravis
568 2164 667 2224 aulaea
690 2162 790 2222 ruinas

112 2284 116 2290 ·
146 2246 177 2307 ln
202 2246 332 2326 patinam
355 2247 463 2320 lecere,
486 2250 613 2309 trahent
594 2259 632 2309 tra
655 2248 784 2327 pulveris
806 2249 861 2307 atri

146 2330 296 2401 Quantum
321 2350 381 2392 non
405 2333 511 2409 Aquilo
535 2332 691 2411 Campanis
714 2332 820 2392 excitat
841 2334 928 2411 agris.

148 2415 208 2477 Nos
230 2417 324 2477 maius
346 2418 439 2489 veriti,
463 2428 618 2496 postquam
644 2417 715 2477 nihil
738 2435 802 2477 esse
825 2417 928 2494 pericli

148 2501 311 2573 Sensimus
334 2502 491 2581 erigimur3
515 2503 608 2562 Rufus
632 2501 726 2579 posito
751 2501 855 2578 capite,
880 2513 911 2560 nt
933 2500 957 2559 si

146 2585 237 2647 Filius
258 2587 425 2647 inmaturus
449 2587 567 2659 obisset,
589 2587 670 2646 llere.
715 2585 787 2655 Quis
809 2597 887 2644 esset

147 2670 239 2744 Finis,
263 2672 293 2731 ni
296 2673 433 2772 sapiens
456 2672 497 2732 sic
519 2672 722 2731 Nomentanus
744 2670 870 2729 amicum
1102 2673 1131 2723 60

146 2749 305 2816 Tolleret‘
307 2749 389 2830 ‘hen,
413 2756 553 2830 Fortuna,
577 2757 642 2834 quis
665 2765 709 2816 est
731 2755 907 2815 crudelior
900 2773 930 2814 rn
955 2771 1009 2812 nos

146 2841 187 2901 re
210 2840 304 2902 deus?
328 2851 360 2901 ut
382 2860 499 2921 semper
521 2843 631 2921 gaudes
653 2840 788 2901 inludere
811 2840 900 2900 rebus

147 2916 331 2987 Humanisl''
360 2927 461 2987 Varius
483 2945 588 3006 mappa
613 2944 802 3005 compescere
826 2925 917 2986 risum

148 3011 201 3070 Vix
225 3021 348 3090 poterat.
394 3012 510 3072 Ralatro
534 3012 720 3112 suspepdens
743 3010 841 3071 omnia
865 3028 936 3070 naso

143 3088 247 3157 “Haec
271 3105 315 3157 est
337 3098 473 3157 condicio
496 3087 633 3157 vivendi'’
660 3089 793 3156 aiebat“
800 3114 894 3173 eoque
1104 3099 1133 3148 65

93 3179 95 3184 ’
147 3180 339 3260 Responsura
362 3191 413 3242 tuo
438 3201 597 3278 numquam
622 3192 667 3242 est
688 3197 742 3259 par
765 3182 839 3240 lama
863 3179 966 3240 labori.

149 3265 239 3336 Tene,
263 3275 296 3326 ut
319 3285 372 3345 ego
397 3267 523 3345 accipiar
545 3268 633 3338 laute,
657 3265 824 3343 torquerier
847 3266 927 3326 omni

147 3350 349 3412 Sollicitudiue
371 3352 546 3422 districtum,
570 3371 608 3412 ne
631 3351 716 3429 panis
738 3351 866 3422 adustus,

146 3434 188 3495 Ne
212 3437 286 3496 male
309 3436 461 3496 eonditum
484 3437 530 3496 ius
553 3437 726 3515 adponatur,
750 3445 782 3495 ut
805 3454 908 3496 omnes

147 3520 310 3582 Praecincti
333 3531 412 3581 recte
434 3521 518 3600 pueri
541 3522 712 3599 comptique
735 3519 925 3582 ministrent?
1105 3529 1133 3578 tu

145 3607 226 3666 Adde
249 3607 303 3667 hos
325 3615 475 3686 praeterea
498 3625 591 3676 casus,
614 3606 713 3666 aulaea
738 3618 825 3665 ruant
846 3606 881 3674 si,

87 3741 266 3752 ——..—-—..

147 3825 198 3876 Vlll
216 3841 240 3875 u.
261 3827 293 3877 40
313 3824 420 3876 secutis
439 3823 556 3875 omnibns
580 3823 623 3873 imi
651 3825 685 3874 ot.
715 3822 777 3886 (Ma)
806 3822 810 3888 Ι
838 3822 896 3872 imis
927 3820 931 3888 Ι
959 3823 991 3873 52
1010 3819 1108 3872 inlotos

87 3892 94 3943 l
113 3908 189 3961 qnam
207 3897 241 3958 (a)
261 3908 312 3961 quo
331 3898 357 3944 et
373 3908 456 3958 supra
475 3895 599 3942 notatum
617 3906 647 3942 eo
666 3891 703 3939 13⁰
717 3891 722 3956 Ι
738 3890 845 3942 remittit
