2640 4372
520 204 709 257 serrandum
727 205 736 258 l
756 211 794 261 m.

205 376 379 437 Ambustum
403 377 540 454 propriis.
585 378 686 438 Fuerit
707 379 847 451 Lucilius,
872 381 1001 459 inquam,

205 460 300 522 domis
323 461 516 534 otomanus,
540 464 627 523 luerit
648 464 776 524 limatior
799 464 874 525 idem
1164 479 1193 528 ob

206 546 298 618 Quam
324 546 405 607 rudis
427 555 456 607 et
478 547 596 609 Graecis
617 549 718 609 intacti
742 549 881 610 carminis
904 560 1006 610 auctor

207 630 360 710 Quamque
384 644 536 711 poetarum
559 634 709 695 seniorum
734 634 835 708 turba;
859 636 908 695 sed
932 636 989 707 ille,

206 715 235 777 Si
258 718 336 778 loret
358 717 414 777 boc
439 726 572 778 nostrum
596 719 654 778 lato
677 720 813 798 delapsus
835 720 865 779 in
890 739 1001 792 aevum,

204 801 358 863 Detereret
379 801 435 863 sibi
457 804 556 874 multa,
581 804 724 864 recideret
748 824 836 864 omne
860 805 939 882 quod
961 805 1037 865 ultra

205 886 372 948 Perfectum
396 888 571 960 traheretur,
595 898 624 948 et
645 889 674 948 in
700 908 784 950 versu
807 890 942 949 faciendo
1163 903 1191 953 το

206 973 299 1052 Saepe
323 982 411 1051 caput
433 972 566 1034 scaberet
588 975 667 1034 rivos
689 985 718 1034 et
741 975 860 1035 roderet
881 976 998 1052 unguis.
1021 1010 1063 1021 -

206 1057 300 1135 Saepe
322 1057 422 1118 stilum
447 1067 548 1127 vertas,
573 1059 678 1119 iterum
702 1079 775 1138 quac
800 1060 887 1138 digna
911 1060 968 1139 legi
991 1059 1051 1121 sint

205 1142 386 1221 Scripturas,
411 1161 508 1220 neque
532 1154 559 1204 te
583 1152 615 1203 ut
637 1145 760 1206 miretur
781 1147 867 1205 turba
890 1146 1014 1219 labores,

204 1226 370 1289 Contentus
393 1227 494 1305 paucis
517 1227 686 1290 lectoribus.
730 1232 774 1291 An
800 1242 849 1291 tua
872 1233 994 1292 demens

204 1311 316 1374 Vilibus
338 1313 368 1372 in
392 1312 468 1373 ludis
490 1313 592 1374 dictari
615 1315 744 1375 carmina
768 1314 872 1377 malis?
1161 1326 1190 1376 'to

204 1398 269 1458 Non
287 1417 358 1477 ego;
376 1416 444 1458 nam
459 1398 528 1459 satis
543 1408 588 1459 est
603 1400 731 1477 equitem
747 1402 817 1460 milri
834 1401 983 1479 plaudere,
1000 1409 1032 1462 ut
1046 1401 1140 1461 audax

203 1480 388 1562 Contemptis
409 1483 471 1543 aliis
494 1484 611 1561 explosa
634 1484 795 1545 Arbuscula
818 1487 898 1545 dixit.

204 1567 269 1629 Men
295 1577 411 1628 moveat
433 1568 527 1628 cimex
550 1568 700 1642 Pantilius,
724 1580 774 1629 aut
796 1571 917 1643 cruciet,
942 1571 1019 1649 quod

202 1651 323 1714 Vellicet
345 1653 496 1714 absentem
521 1654 697 1727 Demetrius,
720 1665 770 1715 aut
792 1657 870 1732 quod
894 1656 1012 1735 ineptus

201 1736 334 1800 Fannius
357 1738 552 1817 Hermogenis
574 1738 668 1799 laedat
690 1741 809 1801 conviva
832 1739 959 1818 Tigelli?
1161 1750 1190 1801 80

204 1822 316 1885 Plotius
339 1834 367 1884 et
391 1823 502 1894 Varius,
527 1824 679 1885 Maecenas
703 1824 914 1904 Vergiliusque,

202 1906 319 1988 Valgius
343 1919 372 1969 et
394 1910 500 1987 probet
522 1910 593 1969 baec
616 1910 753 1971 Octavius
776 1911 903 1989 optimus
926 1920 1013 1989 atque

200 1991 314 2055 Fuscus
336 2003 365 2055 et
386 1994 459 2054 haec
483 1995 594 2054 utinam
618 1994 770 2056 Viscorum
794 1997 892 2057 laudet
914 1995 1051 2074 uterquel

200 2079 369 2140 Ambitione
392 2080 519 2158 relegata
543 2089 571 2140 te
594 2080 692 2141 dicere
714 2101 845 2160 possum,

201 2163 303 2235 Pollio,
326 2173 364 2239 te,
388 2165 529 2237 lllessalla,
553 2176 603 2226 tuo
627 2185 695 2226 cum
718 2165 818 2240 fratre,
841 2167 987 2244 simulque
1156 2175 1184 2226 85
1229 2234 1230 2237 Ἴ

201 2247 268 2323 Vos,
291 2250 394 2311 Bibule
417 2259 446 2310 et
468 2251 558 2322 Servi,
582 2252 668 2312 simul
692 2252 736 2313 bis
760 2262 797 2326 te,
820 2252 942 2313 candide
967 2251 1068 2324 Furni,

202 2331 369 2413 Compluris
391 2337 472 2407 alios,
496 2336 600 2397 doctos
622 2356 678 2416 ego
702 2357 776 2415 quos
800 2346 829 2398 et
851 2339 961 2397 amicos

152 2492 154 2497 Ι
200 2417 336 2481 Prudens
358 2431 522 2501 praetereo,
546 2421 652 2499 quibus
674 2423 756 2493 baec,
779 2422 838 2482 sint
861 2422 1093 2500 qtraliacumque,

201 2504 341 2566 Adridere
364 2507 460 2580 velim,
484 2507 637 2578 doliturus,
660 2507 683 2566 si
706 2507 844 2585 placeant
866 2525 917 2584 spe

199 2587 334 2651 Deterius
357 2601 468 2652 nostra.
513 2591 651 2662 Demetri,
676 2599 772 2668 teque,
796 2591 910 2668 Tigelli,
1157 2598 1187 2648 ab

200 2673 416 2753 Discipularum
440 2678 518 2736 inter
540 2675 627 2735 iubeo
651 2674 767 2753 plorare
791 2674 952 2735 cathedras.
976 2708 1017 2719 -

199 2757 220 2832 1,
243 2777 328 2837 puer,
350 2770 438 2840 atque
461 2780 526 2821 meo
550 2761 625 2821 citus
648 2762 718 2821 baec
740 2760 893 2821 subscribe
916 2758 1026 2818 libello.

116 2909 317 2922 -—--

198 3007 263 3065 Xo.
283 3015 315 3066 68
334 3013 449 3078 dilapsus
466 3018 493 3063 et
510 3013 603 3065 dilatus
622 3017 648 3063 et
672 3013 771 3065 delatus
798 3015 802 3077 Ι
829 3015 860 3065 '18
886 3016 996 3073 moveat,
1020 3011 1101 3062 cimex
1120 3009 1184 3061 Pan·

116 3077 192 3142 lilius,
209 3081 315 3145 Bouill
337 3085 368 3134 86
387 3081 487 3144 Bibule]
507 3081 634 3142 Muretus,
653 3079 686 3133 N.
707 3081 841 3131 Heinsius:
862 3081 941 3132 bibuli
966 3079 971 3149 Ι
995 3081 1027 3133 88
1046 3083 1105 3131 sunt
1123 3080 1158 3142 (o)
1178 3076 1182 3145 l

114 3147 143 3200 et
163 3146 344 3214 discipulorum
363 3151 398 3213 (a)
