2640 4372
448 910 854 1011 CARMEN

552 1111 750 1165 stricturum

241 1282 360 1345 Phoebe
382 1284 579 1362 silvarumque
601 1296 709 1363 potens
731 1285 831 1359 Diona,

242 1368 385 1430 Lucidum
408 1369 479 1430 caeli
502 1370 601 1444 decus,
624 1390 641 1431 o
664 1371 780 1431 colendi

242 1452 366 1534 Semper
388 1463 417 1514 et
439 1455 518 1528 culti,
541 1455 606 1515 date
629 1474 703 1534 quae
725 1474 881 1534 precamur

318 1540 465 1617 Tempore
488 1557 581 1613 sacro,

243 1657 310 1729 Quo
334 1657 469 1738 Sibyllini
491 1676 634 1718 monuere
657 1676 757 1718 versus

243 1743 379 1821 Virgines
402 1743 491 1803 lectas
513 1761 683 1821 puerosque
706 1752 802 1804 castos

244 1827 302 1900 llis,
327 1827 435 1907 quibus
457 1837 570 1905 septem
593 1829 731 1905 placuere
754 1829 853 1903 colles,

321 1912 423 1972 Dicere
447 1929 576 1972 carmen.

243 2029 325 2088 Alme
348 2030 408 2102 Sol,
432 2047 520 2090 curru
544 2029 637 2089 nitido
660 2029 735 2090 diem
761 2031 811 2108 qui

244 2113 358 2174 Promis
381 2123 409 2174 et
432 2114 509 2174 celas
532 2114 665 2193 aliusque
688 2123 717 2174 et
739 2116 815 2175 idem

243 2197 388 2274 Nosceris,
410 2199 506 2278 possis
530 2199 602 2259 nihil
624 2201 698 2260 urbe
719 2199 812 2261 Roma

319 2283 420 2345 Visere
443 2284 550 2346 moiusl

244 2402 463 2465 Rite-maturos
485 2405 600 2484 aperire
622 2414 724 2482 pertus

243 2488 343 2563 Lenis,
366 2489 489 2569 llithyia‚
512 2499 596 2550 tuere
619 2501 736 2564 matres,

246 2573 312 2635 Sive
335 2585 367 2635 tu
389 2575 502 2636 Lucina
525 2575 633 2654 probas
656 2575 752 2636 vocari

321 2661 378 2721 Seu
402 2660 557 2720 Genitalis:

245 2776 324 2852 Divo,
347 2778 494 2857 producas
516 2778 648 2838 subolem
672 2787 848 2856 patrumque

244 2860 406 2941 Prosperes
428 2861 545 2921 decreta
567 2880 656 2940 super
677 2862 813 2940 iugandis

244 2943 375 3007 Feminis
398 2946 548 3024 prolisque
571 2965 662 3007 novae
685 2946 772 3006 feraci

182 3038 210 3089 20
323 3031 401 3110 lege
423 3031 536 3103 murita,

246 3147 350 3210 Certus
373 3150 507 3210 undenos
529 3148 648 3209 deciens
670 3168 723 3229 per
744 3168 839 3210 annos
970 3158 977 3187 ’

247 3233 334 3296 Orbis
356 3244 389 3295 ut
411 3244 516 3296 cantus
538 3235 705 3313 reseratque
728 3235 813 3295 ludos

246 3318 305 3379 Ter
327 3321 373 3382 «lie
397 3321 475 3381 claro
498 3320 666 3397 totiensque
689 3329 769 3399 grato

322 3406 415 3466 Nocte
438 3406 609 3484 frequentis.

120 3559 323 3567 ...—

205 3705 227 3740 υ.
247 3693 262 3741 4
280 3690 364 3756 prisco
382 3707 406 3742 o.
430 3691 448 3741 l.
472 3694 504 3740 ut
527 3691 582 3741 vid.
611 3707 627 3739 a
653 3691 751 3755 Porpl.
778 3689 863 3740 allata
890 3690 901 3754 Ι·
923 3693 938 3741 5
957 3693 1019 3755 quo]
1046 3690 1094 3753 (op
1122 3685 1189 3754 quod

121 3762 163 3818 (ε
181 3758 238 3821 B0)
257 3763 283 3807 et
300 3773 365 3825 quos
380 3757 385 3825 Ι
403 3760 433 3811 16
451 3757 593 3824 Genetyllis
611 3756 698 3808 Bentl.
714 3760 718 3824 l
734 3760 766 3810 23
785 3756 942 3824 totidemque
