2640 4372
523 227 695 279 GARMlNUbl
712 230 741 281 111
760 234 783 282 5.
802 234 826 284 6.
892 306 895 310 Δ

267 396 360 466 Quam
384 398 408 456 si
431 398 570 458 clientum
595 401 682 479 longa
706 403 821 480 negotia

269 482 428 542 Diiudicata
452 483 501 541 lite
524 484 715 563 relinqueret,

194 576 223 624 55
248 598 259 604 ·-
310 566 448 628 Tendens
472 568 654 630 Venafranos
676 571 705 630 in
730 589 816 649 agros

364 654 419 711 Aut
443 652 709 715 Lacedaemonium
733 656 904 718 Tarentum.

598 843 754 851 ———-.

659 974 693 1033 Vl

264 1091 372 1152 Delicta
397 1092 538 1152 maiorum
563 1093 718 1152 inmeritos
740 1093 812 1167 lues,

264 1179 406 1247 Romane,
430 1177 526 1236 donec
548 1177 655 1256 templa
679 1178 818 1238 refeceris

304 1261 449 1338 dedisque
472 1261 597 1322 labentis
619 1262 741 1321 deorum
765 1272 794 1322 et

359 1345 455 1406 Foeda
479 1347 564 1424 nigro
587 1347 740 1407 simulacra
763 1349 854 1408 fumo.

203 1478 218 1525 3
262 1465 311 1525 bis
333 1474 361 1524 te
384 1464 530 1524 minorem
554 1464 632 1542 quod
656 1465 742 1541 genis,
766 1466 909 1544 imperas:

262 1549 339 1610 llinc
362 1568 451 1608 omne
473 1549 664 1628 principium,
687 1549 745 1609 huc
769 1553 847 1610 refer
870 1552 994 1612 exituml

304 1634 337 1694 Di
361 1633 452 1694 multa
476 1634 602 1713 neglecti
626 1635 771 1694 dederunt

361 1719 520 1797 Hesperiae
543 1720 617 1778 mala
641 1720 802 1782 luctuosae.

260 1836 319 1895 lam
344 1836 390 1896 bis
413 1836 566 1897 Monaeses
589 1847 617 1895 et
640 1837 744 1896 Pacori
769 1854 873 1897 manus

193 1932 220 1980 10
264 1921 329 1980 Non
355 1922 521 1999 auspicatos
544 1922 678 1980 contudit
700 1921 827 2000 impetus

299 2006 423 2065 Nostros
446 2014 474 2064 et
495 2005 633 2065 adiecisse
656 2006 793 2082 praedam

357 2089 525 2167 Torquibus
548 2089 660 2167 exiguis
682 2089 809 2148 renidet.

257 2210 354 2268 Paene
378 2216 549 2284 occupatam
573 2207 767 2267 seditionibus

258 2291 369 2353 belevit
390 2290 493 2350 urbem
514 2291 613 2370 vDacus
635 2300 664 2350 et
686 2292 837 2370 Aethiops,

186 2386 213 2436 15
301 2376 354 2437 Hic
377 2375 468 2436 classe
491 2376 673 2449 formidatus,
696 2376 744 2436 ille

354 2460 513 2521 Missilibus
537 2460 643 2520 melior
665 2461 785 2538 sagittis.
810 2498 850 2506 -

256 2581 393 2641 Fecunda
417 2580 519 2659 culpae
542 2579 656 2640 saecula
680 2580 799 2658 nuptias

256 2665 385 2726 Primum
409 2665 601 2743 inquinavere
624 2673 653 2724 et
675 2683 770 2742 genus
792 2673 821 2724 et
843 2666 963 2726 domos:

302 2751 364 2810 lloc
385 2753 467 2810 sonte
490 2750 616 2810 derivata
640 2749 736 2808 clades

182 2847 210 2895 111
352 2835 385 2894 ln
410 2836 533 2912 patriam
556 2833 761 2910 populumque
782 2833 873 2893 fluxit.

253 2953 350 3013 Motus
372 2952 474 3012 doceri
497 2950 604 3029 gaudet
626 2950 743 3010 lonicos

254 3038 364 3097 Matura
388 3038 469 3113 virgo
493 3035 799 3112 etbngitu1·artibus

302 3121 359 3180 lam
384 3140 465 3180 nuuc
488 3129 518 3179 et
540 3119 668 3179 incestos
690 3138 806 3181 amores

352 3206 393 3265 lle
415 3216 518 3265 tenero
542 3205 700 3265 meditatur
722 3205 824 3283 ungui.

180 3334 208 3383 25
254 3323 321 3382 Mox
343 3323 474 3383 iuniores
498 3324 612 3400 quaerit
634 3323 782 3383 adulteros

252 3407 334 3467 Inter
355 3409 451 3469 11131111
474 3408 540 3467 vina
566 3426 662 3485 neque
686 3409 767 3486 eligit

300 3493 350 3551 Cui
375 3478 466 3555 donet
486 3493 668 3571 impermissa
690 3493 794 3572 raptim

350 3577 459 3637 Gaudia
481 3578 642 3639 luminibus
664 3578 793 3649 remotis

209 3826 240 3876 Vl
258 3844 282 3881 o.
304 3831 331 3878 11
353 3827 447 3880 nostris
470 3829 552 3879 Prisc.
572 3827 594 3877 ll
612 3827 628 3892 ξ
647 3831 678 3879 25
697 3834 723 3878 et
738 3830 780 3880 cel
802 3833 841 3880 sie
858 3829 900 3880 uel
916 3835 1060 3882 nostrorum
1079 3830 1165 3881 Bentl.
1185 3826 1192 3900 Ι

122 3896 154 3946 22
173 3895 262 3946 acerba
282 3896 310 3946 M
332 3896 336 3960 Ι
360 3896 465 3948 artubus
