2640 4372
538 185 728 238 serrantium
745 187 754 237 l
774 189 798 238 6.

217 359 283 418 Non
308 377 363 436 ego
386 377 433 418 me
458 358 536 418 claro
561 368 663 418 natum
686 367 778 436 patre,
803 377 864 418 non
888 377 943 437 ego
967 361 1082 424 circum

219 443 265 503 lle
289 443 463 503 Satureiano
487 443 594 502 vectari
618 461 686 502 rura
710 442 833 514 caballo,

218 528 275 589 Sed
299 529 379 606 quod
403 546 483 588 eram
508 545 613 600 narro;
636 528 810 606 respondes,
834 536 866 587 ut
889 537 958 589 tuus
980 539 1025 591 est
1047 550 1122 605 mos,

217 613 328 687 Pauca;
352 613 435 685 abeo,
459 622 488 671 et
510 630 628 673 revocas
651 632 733 672 nono
757 621 825 690 post
846 632 948 674 mense
970 614 1117 694 iubesque

216 696 289 758 Esse
313 700 342 758 in
367 699 529 758 amicorum
554 715 688 757 numero.
734 696 874 775 Magnum
897 698 954 758 lroc
976 717 1032 778 ego
1056 701 1140 776 duco,

217 782 303 852 Quod
325 783 422 860 placui
446 782 508 854 tibi,
532 783 581 859 qui
606 783 684 860 turpi
707 782 839 842 secernis
861 783 1030 858 honestum,

215 866 281 926 Non
306 876 388 947 patre
412 867 572 946 praeclaro,
595 866 646 926 sed
668 866 725 925 vita
749 875 778 926 et
800 876 922 945 pectore
945 887 1034 946 puro.

217 954 304 1030 Atqui
328 953 353 1013 si
375 953 450 1012 vitiis
475 951 674 1011 mediocribus
697 970 729 1011 ac
752 970 816 1011 mea
839 952 942 1030 paucis

217 1037 357 1097 Mendosa
380 1048 424 1098 est
447 1045 560 1108 natura,
584 1036 694 1115 alioqui
717 1047 808 1109 recta,
831 1037 911 1097 velut
934 1037 959 1098 si

219 1121 346 1200 Egregio
370 1122 522 1200 inspersos
545 1120 745 1199 reprehendas
769 1139 896 1199 corpore
920 1140 1037 1196 naevos,

216 1206 246 1266 Si
271 1226 367 1286 neque
391 1207 538 1267 avaritiam
563 1225 659 1284 neque
682 1207 785 1266 sordes
808 1209 865 1266 nec
887 1206 961 1266 mala
985 1207 1077 1269 lustra

216 1291 332 1352 Obiciet
354 1310 421 1351 vere
444 1292 600 1369 quisquam
624 1289 705 1363 mihi,
728 1308 821 1367 purus
844 1299 874 1351 et
896 1292 1010 1364 insons,

216 1375 255 1436 Ut
276 1396 324 1436 me
348 1376 521 1447 collaudem,
545 1377 569 1436 si
591 1384 621 1435 et
644 1376 705 1434 vivo
730 1393 815 1436 carus
838 1376 947 1446 amiciS,

217 1460 309 1521 Causa
333 1462 387 1520 suit
410 1471 493 1540 pater
516 1461 570 1532 his,
594 1460 644 1539 qui
666 1478 767 1519 macro
790 1478 904 1538 pauper
926 1461 1020 1538 agello

214 1546 314 1605 Noluit
338 1546 367 1605 in
392 1546 470 1605 Flavi
492 1545 594 1605 ludum
617 1563 664 1605 me
688 1544 813 1617 mittere,
837 1546 936 1624 magni

214 1630 280 1700 Quo
304 1632 386 1709 pueri
411 1630 526 1708 magnis
549 1648 564 1689 e
588 1629 813 1690 centurionibus
837 1630 894 1690 orti

213 1716 309 1775 Laevo
332 1715 469 1793 suspensi
492 1715 605 1775 loculos
627 1713 818 1792 tabulamque
840 1714 951 1774 lacerto

216 1800 302 1860 lbant
325 1810 450 1861 octonos
473 1802 639 1860 relerentes
663 1799 762 1859 Idibus
785 1799 871 1871 aeris,

215 1886 272 1945 Sed
295 1903 422 1963 puerum
446 1894 490 1945 est
512 1903 600 1944 ausus
622 1885 744 1944 Romam
768 1892 886 1962 portare
909 1885 1078 1945 docendum

216 1970 304 2040 Artis,
329 1988 401 2047 quas
425 1971 529 2029 doceat
552 1968 646 2047 quivis
669 1987 759 2046 eques
782 1977 870 2046 atque
892 1979 1014 2030 senator

215 2054 315 2114 Semel
338 2063 508 2132 prognatos.
554 2054 670 2113 Vestem
694 2072 853 2132 servosque
876 2055 1029 2132 sequentis

215 2138 248 2197 ln
273 2156 380 2214 magno
404 2146 437 2197 ut
460 2138 571 2217 populo
595 2138 672 2215 siqui
694 2138 823 2210 vidisset,
847 2139 921 2199 avita

215 2223 259 2282 Ex
281 2241 314 2282 re
336 2223 473 2301 praeberi
496 2232 633 2300 sumptus
655 2223 726 2282 mihi
750 2224 884 2283 crederet
906 2224 981 2284 illos.

214 2307 281 2386 lpse
304 2308 375 2367 mihi
397 2316 496 2368 custos
518 2307 793 2386 incorruptissimus
816 2309 913 2368 omnis

215 2391 332 2453 Circum
355 2392 491 2453 doctores
513 2394 622 2452 aderat.
668 2392 745 2464 Quid
767 2390 881 2452 multa‘l
903 2393 1053 2470 pudicum,

215 2477 273 2548 Qui
295 2477 408 2556 primus
431 2479 545 2538 virtutis
568 2478 673 2549 honos,
696 2478 819 2537 serravit
841 2478 876 2537 ab
901 2478 983 2537 omni

213 2563 280 2623 Nou
304 2563 398 2623 solum
421 2564 632 2635 facturorum
655 2562 818 2640 opprobrio
842 2580 961 2640 quoque
984 2561 1075 2640 turpi,

212 2647 273 2707 Nec
296 2648 401 2721 timuit,
425 2648 481 2708 sibi
505 2666 542 2707 ne
564 2647 634 2707 vitio
658 2647 724 2725 quis
746 2655 874 2706 verteret
896 2647 975 2721 olim,

215 2733 244 2792 Si
267 2751 375 2810 praeco
398 2751 502 2811 parvas
524 2742 583 2804 aut,
607 2740 639 2791 ut
661 2731 717 2792 init
739 2731 811 2809 ipse,
834 2741 954 2792 coactor

212 2817 362 2878 Mercedes
377 2833 534 2896 sequerer;
552 2835 649 2894 neque
666 2835 720 2894 ego
737 2835 832 2876 essem
848 2825 985 2894 questus:
1002 2823 1032 2874 at
1045 2815 1102 2876 hoc
1118 2829 1193 2873 nunc

212 2901 289 2962 Laus
312 2902 353 2962 illi
376 2902 500 2962 debetur
523 2910 553 2961 et
574 2920 591 2961 a
613 2919 659 2960 me
682 2902 774 2978 gratia
797 2902 900 2963 maior.
923 2934 965 2945 —

211 2986 258 3045 Nil
280 3005 326 3045 me
350 2987 497 3065 paeniteat
519 3004 624 3047 sanum
647 2986 737 3064 patris
759 2985 856 3058 huius,
879 3003 974 3064 eoque

211 3071 287 3141 Non,
311 3080 343 3130 ut
365 3089 471 3147 magna
494 3070 562 3131 dolo
586 3072 695 3130 factum
719 3080 807 3148 negat
830 3089 893 3131 esse
916 3089 969 3130 suo
993 3087 1070 3148 pars,

213 3154 299 3224 Quod
323 3173 382 3214 non
406 3156 555 3233 ingenuos
577 3155 684 3215 habeat
705 3155 860 3233 clarosque
882 3154 1024 3233 parentis,

212 3239 260 3299 Sic
281 3257 330 3298 mo
353 3240 525 3315 delendam;
549 3238 638 3317 longe
660 3258 725 3299 mea
748 3240 895 3318 discrepat
917 3240 980 3300 istis

212 3323 249 3382 Et
271 3342 326 3382 vox
349 3333 378 3384 et
400 3325 482 3384 ratio.
529 3325 602 3385 Nam
626 3324 650 3384 si
673 3333 778 3384 natura
801 3324 917 3384 iuberet

124 3459 328 3468 *—

212 3520 243 3573 Vl
261 3539 285 3573 v.
303 3525 336 3574 65
355 3529 400 3574 aul
417 3524 453 3588 (o)
474 3526 478 3586 Ι
500 3526 532 3576 66
551 3524 664 3590 alioquin
687 3523 692 3591 Ι
716 3539 778 3575 uera
794 3525 891 3588 Porpd.
910 3524 968 3574 cod.
987 3522 1058 3574 Mon.
1083 3520 1088 3587 Ι
1112 3522 1143 3571 67
1161 3520 1196 3570 iu·

124 3593 246 3656 sparsos!
263 3593 295 3643 68
313 3592 470 3653 nec]=B⁰:
490 3607 519 3643 aa
537 3609 551 3643 v
571 3598 615 3643 aut
632 3593 728 3657 Por-pli.
746 3592 828 3655 Mon,
845 3592 887 3644 Ps.
905 3592 968 3642 Aer.
988 3591 1045 3642 eod.
1064 3589 1127 3640 bibl.
1144 3602 1195 3639 ooo.

123 3673 180 3723 reg.
199 3660 304 3722 (Bentl)
319 3657 325 3728 Ι
340 3661 372 3710 69
391 3660 527 3726 quisquam
551 3675 610 3711 uere
635 3664 638 3725 1
664 3663 696 3713 to
715 3661 854 3712 octonis..
868 3673 945 3711 .aera
961 3661 965 3721 l
982 3661 1013 3711 83
1032 3656 1146 3709 seruauit
1164 3655 1196 3720 (υ)

124 3732 204 3792 alque
223 3729 285 3778 indo
302 3727 422 3778 seruabat
440 3729 476 3790 (o)
491 3727 497 3796 Ι
514 3731 545 3781 85
565 3733 684 3792 verteret,
703 3728 893 3794 olimog.187
912 3731 939 3778 at
957 3727 1014 3790 hoc]
1033 3728 1069 3791 (a)
1087 3724 1197 3790 liutger·

123 3798 179 3845 cim
198 3796 263 3847 Vera.
284 3796 339 3846 lect.
359 3810 416 3860 cap.
435 3794 501 3845 XVll
518 3813 544 3862 p.
558 3799 620 3850 339:
641 3796 740 3848 adhoc
759 3814 773 3846 o
792 3799 835 3862 (=
848 3797 922 3860 ΒΜ)
942 3795 973 3846 ad
992 3794 1056 3846 haec
1073 3810 1099 3845 υ.
1117 3794 1135 3846 Ι.
1154 3806 1195 3858 ap.

123 3864 162 3914 Pr.
182 3865 244 3913 Aer.
264 3863 339 3913 Bonus
358 3864 391 3925 (o)
410 3869 437 3915 at
455 3864 496 3914 hic
515 3866 549 3927 (v)
569 3865 601 3915 ob
621 3864 669 3916 hoc
688 3867 722 3929 (o)
741 3870 767 3914 et
784 3868 825 3915 oio
842 3865 903 3917 Atat.
922 3880 947 3917 a.
967 3866 1030 3917 1501
1051 3867 1078 3913 ct
1097 3863 1161 3915 1509
