2640 4372
124 180 191 239 234
505 183 546 234 bu
564 183 652 235 ARTE
669 183 816 237 Pouulcl.

213 354 270 425 Qui
293 365 436 415 canerent
457 364 639 433 agerentque
662 357 799 434 peruncti
823 357 953 419 laecibus
977 378 1039 419 ora.

212 440 282 500 Post
304 440 384 500 hunc
406 458 551 519 personae
574 440 727 521 pallaeque
750 450 884 520 repertor
907 444 1049 506 honestae

212 525 372 604 Aeschylus
395 536 424 585 et
447 527 570 587 modicis
592 527 725 586 instravit
748 528 861 607 pulpita
884 528 973 606 tignis

125 624 170 676 280
212 609 249 669 Et
272 610 372 669 docuit
394 628 593 690 magnumque
616 611 697 689 loqui
720 612 834 690 nitique
857 614 1014 674 cothurno.

212 695 360 755 Successit
382 704 465 757 vetus
487 697 532 757 bis
554 697 716 767 comoedia,
741 716 801 757 non
825 698 889 759 sine
912 698 1002 759 multa

211 779 326 855 Laude;
346 781 401 857 sed
424 782 453 841 in
479 782 579 842 vitium
602 781 722 842 libertas
745 783 852 842 excidit
874 791 903 843 et
926 784 982 844 vim

214 864 339 943 Dignam
363 866 595 945 legeregi31ex
619 877 662 928 cst
684 875 803 946 accepta
827 869 996 947 chorusque

211 950 349 1028 Turpiter
372 950 496 1011 obticuit
516 952 631 1012 sublato
654 952 718 1013 iure
741 953 879 1018 nocendi.

125 1050 167 1100 285
209 1035 257 1095 Nil
278 1035 484 1114 intemptatum
508 1037 602 1097 nostri
624 1037 736 1114 liquere
759 1046 873 1116 poetae,

211 1121 272 1182 Nec
294 1122 449 1181 minimum
473 1140 608 1183 meruere
630 1122 720 1183 decus
743 1124 863 1201 vestigia
886 1123 996 1184 Graeca

211 1208 281 1268 Ausi
303 1209 440 1268 deserere
463 1216 491 1267 et
513 1206 663 1268 celebrare
686 1208 845 1269 domestica
868 1209 954 1279 lacta,

211 1292 262 1353 Vel
285 1293 335 1372 qui
358 1300 524 1372 praetextas
545 1293 590 1353 rel
612 1293 663 1371 qni
687 1293 815 1354 docuere
838 1301 959 1373 togatas.

212 1378 271 1439 Nec
294 1379 402 1439 virtute
424 1380 502 1438 loret
524 1378 646 1439 clarisve
670 1379 822 1456 potentius
844 1380 933 1440 armis

124 1474 169 1524 290
213 1464 306 1534 Quam
330 1465 440 1542 lingua,
464 1464 588 1535 Latium,
612 1464 636 1524 si
661 1482 722 1524 non
746 1463 912 1524 oll'enderet
934 1482 1026 1524 unum

212 1548 367 1626 Quemque
390 1556 545 1628 poetarum
568 1548 655 1608 limae
678 1546 762 1608 labor
785 1558 814 1611 et
834 1567 925 1609 mora.
964 1550 1031 1621 Vos,
1055 1568 1072 1608 o

212 1634 374 1712 Pompilius
397 1635 526 1712 sanguis,
550 1651 670 1695 carmen
694 1634 913 1713 reprehendite,
937 1635 1014 1713 quod
1039 1653 1101 1695 non

211 1718 299 1779 Multa
323 1719 385 1780 dies
407 1728 436 1779 et
459 1719 547 1778 multa
571 1719 657 1779 litura
681 1720 814 1779 coercuit
836 1729 924 1798 atque

211 1804 400 1865 Praesectum
423 1805 542 1865 deciens
566 1823 627 1864 non
652 1804 800 1881 castigavit
822 1806 858 1866 ad
880 1823 1020 1884 unguem.
1043 1839 1086 1850 -

124 1901 168 1950 295
212 1889 368 1968 ingenium
392 1890 498 1950 misera
522 1889 589 1966 quia
613 1889 790 1951 fortunatius
813 1899 876 1950 arte

213 1973 311 2034 Credit
333 1983 361 2034 et
384 1974 512 2034 excludit
534 1992 622 2034 sanos
645 1975 788 2034 Helicone
811 1985 913 2054 poetas

211 2059 404 2130 democritus,
428 2058 505 2118 bona
527 2076 597 2137 pars
620 2077 680 2119 non
704 2061 813 2136 unguis
836 2078 949 2139 ponere
973 2068 1066 2131 curat,

212 2143 277 2203 Non
302 2143 434 2213 barbam,
457 2152 571 2203 secreta
594 2144 667 2221 petit
689 2144 762 2216 loca,
787 2145 891 2205 balnea
915 2145 998 2204 vitat:

211 2228 405 2290 Nanciscetur
428 2228 507 2288 enim
531 2228 658 2307 pretium
683 2247 852 2307 nomenque
875 2238 989 2309 poetae,

123 2325 169 2376 000
213 2314 243 2374 Si
266 2314 360 2375 tribus
382 2313 531 2393 Anticyris
553 2321 643 2392 caput
665 2313 828 2374 insanabile
852 2331 1015 2393 numquam

212 2399 340 2461 Tonsori
363 2400 467 2460 Licino
492 2399 673 2459 conmiserit.
719 2398 743 2460 0
767 2417 822 2479 ego
846 2400 954 2472 laevus,

212 2484 269 2555 Qui
291 2503 404 2565 purgor
427 2484 515 2545 bilem
538 2483 594 2545 sub
618 2485 699 2544 verni
721 2485 864 2563 temporis
886 2484 1005 2545 horaml

211 2569 277 2630 Non
301 2571 374 2632 alius
397 2571 507 2631 laceret
530 2569 650 2629 meliora
673 2580 823 2649 poemata;
845 2589 948 2630 verum

210 2654 256 2715 Nil
278 2656 353 2715 tanti
376 2665 429 2717 est.
473 2655 552 2733 Ergo
575 2655 683 2733 lurrgar
704 2656 766 2715 vice
789 2656 872 2728 cotis,
895 2664 1013 2715 acutum

122 2750 167 2800 305
211 2740 344 2800 Reddere
368 2759 442 2819 quae
465 2741 576 2800 lerrum
601 2740 675 2799 valet
697 2758 798 2801 exsors
821 2741 883 2819 ipsa
907 2739 1042 2800 secandi:

211 2824 319 2886 Munus
341 2835 370 2886 et
393 2825 534 2896 cilicium,
558 2825 600 2884 nil
623 2824 757 2886 scribens
780 2826 852 2904 ipse,
876 2825 999 2896 docebo,

212 2909 296 2970 Unde
319 2921 463 2989 parentur
486 2928 567 2988 opes,
591 2908 660 2987 quid
684 2910 741 2970 alat
762 2911 932 2988 formetque
954 2918 1082 2988 poetam,

212 2994 288 3064 Quid
311 2999 422 3067 deceat,
446 2996 515 3072 quid
540 3013 611 3066 non,
636 3013 695 3073 quo
718 2997 818 3068 virtus,
843 3015 901 3074 quo
925 2997 999 3055 serat
1021 3011 1116 3054 error.
1143 3027 1181 3038 -

213 3079 368 3139 Scribendi
391 3089 471 3140 recte
494 3098 597 3159 sapere
620 3089 664 3140 est
687 3091 716 3141 et
738 3082 917 3160 principium
942 3090 973 3141 et
995 3082 1069 3139 lona.

125 3173 170 3223 310
213 3163 286 3224 Rem
309 3163 362 3224 tibi
386 3165 554 3226 Socraticae
577 3174 721 3242 poterunt
742 3167 901 3226 ostendere
924 3167 1051 3236 chartae,

212 3248 365 3326 Verbaque
389 3251 535 3328 provisam
559 3267 622 3309 rem
646 3269 706 3309 non
730 3251 818 3310 invita
842 3259 1014 3328 sequentur.

212 3334 269 3405 Qui
291 3334 401 3408 didicit,
425 3336 535 3413 patriae
558 3334 627 3412 quid
650 3333 757 3395 debeat
779 3344 807 3396 et
830 3334 899 3414 quid
922 3334 1033 3405 amicis

212 3420 278 3492 Quo
301 3419 338 3482 sit
360 3438 460 3480 amore
482 3439 600 3499 parens,
624 3438 683 3498 quo
707 3422 796 3481 irater
818 3419 960 3481 amandus
982 3427 1011 3479 et
1032 3418 1154 3498 hospeS,

211 3506 297 3577 Quod
321 3505 358 3566 sit
380 3507 549 3584 conscripti,
574 3505 653 3583 quod
676 3505 779 3566 iudicis
801 3507 941 3576 ollicium,
965 3522 1040 3583 quae

122 3600 168 3650 315
210 3592 310 3653 Partes
333 3591 363 3650 in
387 3589 497 3650 bellum
520 3590 599 3650 missi
624 3589 715 3661 ducis,
738 3590 786 3651 ille
809 3593 942 3670 prolecto

127 3724 330 3736 ———-—-

212 3824 235 3859 o.
254 3812 303 3862 til
323 3810 380 3874 Qui]
399 3809 499 3861 Beati:
518 3821 583 3874 quae
599 3807 603 3873 Ι
620 3811 672 3871 ora]
686 3808 747 3859 atris
763 3807 767 3874 l
784 3808 834 3859 294
845 3811 1014 3874 praesectum]
1033 3831 1066 3851 ε
1079 3809 1128 3859 13⁰:
1148 3823 1206 3875 per-

125 3872 221 3924 lectum
236 3877 241 3941 Ι
256 3877 305 3929 308
325 3880 415 3929 doceat
