2640 4372
453 213 642 268 sariuauuu
660 216 678 268 ll
699 221 721 269 l.

139 384 194 458 Tu,
216 385 290 446 mibi
313 386 364 464 qui
387 385 546 465 imperitas,
569 385 632 446 aliis
655 387 745 447 servis
768 388 966 466 miseratque

138 470 262 531 liuceris
284 480 317 531 ut
340 471 437 530 nervis
459 470 561 530 alienis
583 470 692 530 mobile
713 470 837 551 lignum.
861 507 902 518 ·-

139 554 280 626 Quisnam
303 555 393 634 igitur
415 552 511 615 liber?
556 554 689 634 Sapiens,
713 557 767 617 sibi
791 557 842 635 qui
864 558 1049 636 imperiosus,

138 639 232 710 Quem
257 658 355 717 neque
378 640 532 720 pauperies
548 658 645 717 neque
661 659 741 702 mors
758 660 855 720 neque
871 644 985 704 vincula
1001 656 1124 719 terrent,

137 725 323 805 Responsare
347 725 544 805 cupidinibus,
568 734 760 786 contemnere
783 727 912 788 bonores
1096 741 1126 794 815

138 809 234 871 Fortis
257 810 337 870 etin
360 829 391 871 se
415 812 479 889 ipso
502 818 581 870 totus
604 819 681 870 teres
704 820 792 891 atque
815 813 971 887 rotundus,

138 894 261 955 Externi
286 894 395 973 nequid
417 895 510 955 valeat
532 913 587 973 per
609 895 672 955 leve
696 897 813 969 morari,

137 979 169 1040 ln
194 997 282 1058 quem
306 997 408 1040 manca
432 981 491 1039 ruit
512 997 630 1057 semper
653 980 781 1041 fortuna.
827 982 953 1042 Potesne

137 1064 180 1125 Ex
203 1064 248 1125 his
272 1073 303 1124 ut
325 1065 479 1144 proprium
502 1065 571 1141 quid
596 1064 742 1125 noscere?
786 1066 924 1145 Quinque
948 1068 1054 1131 talenta

140 1149 236 1210 Poscit
258 1159 287 1209 te
309 1150 424 1219 mulier,
448 1158 531 1209 vexat
552 1150 724 1228 foribusque
747 1152 899 1230 repulsum

137 1233 293 1295 Perfundit
315 1234 419 1314 gelida,
443 1252 545 1295 rursus
566 1245 668 1308 vocat3
691 1236 772 1314 eripe
796 1237 876 1315 turpi

138 1319 215 1380 Colla
238 1319 318 1398 iugo,
337 1312 447 1392 “liber‚
470 1318 544 1378 liber
566 1312 650 1379 sum''
675 1319 721 1380 dic
744 1321 811 1398 agel
856 1322 920 1382 Non
945 1323 1025 1402 quis;

137 1405 229 1483 Urget
250 1404 329 1464 enim
352 1404 490 1464 dominus
511 1413 641 1464 mentem
665 1424 726 1465 non
750 1405 825 1467 leuis
846 1416 876 1467 et
898 1408 973 1469 acris

138 1489 288 1550 Subiectat
311 1489 387 1550 lasso
410 1489 543 1549 stimulos
565 1498 720 1567 versatque
744 1500 911 1568 negantem.

139 1574 188 1634 Vel
211 1592 278 1635 cum
302 1573 440 1635 Pausiaca
465 1584 574 1652 torpes,
598 1573 710 1646 insane,
734 1574 848 1648 tabella,
1093 1589 1123 1640 95

138 1659 194 1728 Oui
216 1677 321 1738 peccas
345 1661 443 1719 minus
465 1667 552 1736 atque
576 1677 641 1737 ego,
664 1677 731 1719 cum
755 1659 837 1720 Fulvi
861 1661 1055 1742 Rutubaeque

137 1745 195 1804 dut
216 1744 383 1805 Pacideiani
406 1752 547 1804 contento
571 1744 682 1822 poplite
705 1744 796 1803 miror

138 1829 251 1890 Proelia
273 1830 391 1889 rubrica
415 1831 492 1908 picta
515 1839 565 1888 aut
588 1828 727 1898 carbone,
752 1829 829 1889 velut
851 1830 874 1890 si

137 1914 268 1974 Revera
291 1925 435 1993 pugnent,
459 1914 566 1973 leriant
587 1915 737 1991 vitentque
761 1923 911 1976 moventes

137 2003 224 2059 Arma
246 1997 322 2060 viril
365 1999 496 2077 Nequam
520 2007 548 2058 et
570 2009 700 2060 cessator
722 2000 832 2074 Davus3
854 2009 884 2058 at
904 2000 966 2079 ipse
1081 2013 1122 2063 100

137 2084 257 2145 Subtilis
279 2093 409 2144 veterum
433 2084 520 2144 iudex
543 2092 572 2144 et
594 2085 715 2145 callidus
737 2085 828 2146 audis.

136 2169 181 2229 Nil
204 2187 268 2249 ego,
292 2170 315 2229 si
339 2168 432 2229 ducor
454 2170 512 2229 libo
536 2169 683 2242 fumante3
706 2171 758 2230 tibi
782 2170 889 2250 ingens

134 2255 232 2315 Virtus
254 2264 342 2332 atque
364 2255 480 2315 animus
502 2255 584 2315 cenis
607 2266 762 2334 responsat
784 2253 912 2335 opimis?

134 2338 317 2417 Obsequium
339 2340 450 2400 ventris
473 2340 543 2399 mibi
566 2340 762 2417 perniciosius
785 2351 829 2400 est
852 2337 928 2399 cur‘l

133 2424 229 2503 Pergo
253 2424 367 2502 plector
389 2424 478 2484 enim.
524 2423 581 2493 Oui
604 2433 635 2483 tu
658 2424 832 2503 impunitior
854 2424 911 2494 illa,
1078 2437 1120 2486 100

133 2509 214 2580 Quae
237 2527 327 2588 parvo
350 2509 426 2570 sumi
449 2516 612 2586 nequeunt,
636 2508 759 2568 obsonia
783 2506 904 2586 captas?

134 2594 246 2672 Nempe
268 2594 488 2655 inamarescunt
510 2592 615 2671 epulae
637 2594 701 2654 sine
723 2595 783 2653 fine
806 2593 914 2671 petitae

132 2677 283 2757 inlusique
305 2679 395 2758 pedes
417 2679 553 2738 vitiosum
578 2679 654 2738 ferre
677 2688 816 2738 recusant

132 2763 254 2844 Corpus.
300 2768 344 2824 An
368 2764 416 2824 hic
438 2773 550 2842 peccat,
574 2763 628 2824 sub
653 2774 770 2823 noctem
795 2762 844 2841 qui
868 2779 942 2839 puer
964 2781 1047 2822 uvam

133 2848 248 2910 Furtiva
273 2859 366 2911 mutat
388 2849 501 2926 strigili,
526 2849 575 2927 qui
599 2849 716 2927 praedia
740 2847 848 2919 vendit,
1075 2856 1119 2908 110

132 2934 177 2995 Nil
198 2935 302 2995 servile
325 2934 410 3013 gulae
432 2952 541 3011 parens
564 2931 673 2994 babet?
718 2933 807 3007 lade,
831 2929 910 3010 quod
932 2930 1008 2992 idem

131 3019 195 3080 Non
220 3019 322 3080 horam
345 3028 442 3079 tecum
466 3037 529 3080 esse
552 3028 646 3097 potes,
671 3037 731 3078 non
756 3019 813 3079 otia
836 3025 916 3077 recte

132 3103 258 3175 Ponere,
281 3113 369 3182 teque
393 3105 487 3183 ipsum
511 3104 584 3164 vitas
608 3103 746 3181 fugitivus
769 3112 798 3164 et
819 3120 897 3173 erro,

130 3187 190 3250 lam
212 3189 282 3249 vino
305 3208 460 3267 quaerens,
484 3190 540 3249 iam
563 3207 668 3249 somno
692 3188 792 3248 lallere
814 3203 931 3248 curam:

130 3273 267 3346 Frustra3
293 3293 358 3334 narn
383 3293 481 3334 comes
503 3282 566 3334 atra
589 3273 697 3352 premit
718 3273 911 3373 sequiturqpe
934 3270 1016 3349 luga·
1075 3279 1118 3330 tto

808 3376 883 3417 cem.
918 3390 957 3400 -

130 3442 213 3505 Unde
243 3443 313 3503 mihi
343 3441 491 3522 lapidem?
533 3439 695 3513 ‘Quorsum
726 3451 771 3503 est
799 3432 915 3586 opusl}
956 3439 1040 3500 Unde
1070 3458 1116 3501 sa-

807 3536 893 3606 gittas

89 3612 247 3622 ——-———-

129 3761 326 3816 1111081111ἰί
353 3763 357 3825 Ι
384 3764 416 3814 82
435 3761 534 3826 signum
553 3763 635 3811 Ianus
651 3762 742 3811 Deuca
761 3778 816 3816 sen.
843 3763 847 3827 Ι
875 3763 906 3813 83
925 3759 974 3810 sibi
994 3758 1046 3824 qui]
1065 3759 1115 3820 (ult

89 3829 144 3896 ique
167 3833 208 3893 (ε
227 3833 273 3895 13⁰)
300 3831 304 3898 l
332 3832 364 3882 86
383 3835 465 3893 totus,
483 3831 536 3892 (ep
554 3830 587 3881 ol.
615 3828 619 3895 Ι
648 3830 679 3883 88
698 3845 748 3895 quo
768 3829 797 3880 M
826 3833 829 3894 Ι
866 3832 912 3881 100
931 3829 966 3890 et]
985 3842 1034 3878 om.
1053 3823 1114 3891 (011

89 3896 596 3965 101000110111050011(011113
617 3902 645 3948 ut

862 3981 908 4032 ll*
