2640 4372
475 217 647 271 catamitum
664 220 674 271 Ι
692 224 732 274 at.
751 224 791 276 38.

228 390 281 450 Vix
297 409 356 451 una
371 409 474 469 sospes
491 392 570 452 navis
585 392 621 451 ab
637 392 765 469 ignibus,

229 475 419 553 Mentemque
435 475 611 554 lymphatam
628 476 784 538 Mareotico

274 558 397 637 Redegit
412 560 442 620 in
459 578 543 620 verns
558 561 679 620 timeres

327 644 441 718 Caesar,
458 644 493 704 ab
506 645 585 705 ltalia
601 646 746 706 volantem

229 763 329 823 Remis
344 764 502 841 adurgens,
518 764 658 843 accipiter
674 765 752 825 velut

231 846 326 908 Mollis
341 848 491 909 columbas
508 859 558 909 aut
573 849 705 928 leporem
722 850 798 910 citus

278 932 407 993 Venator
421 934 451 994 in
470 934 581 1012 campis
598 933 698 994 nivalis

326 1017 515 1091 Haemoniae,
532 1018 614 1079 daret
630 1029 662 1078 ut
677 1019 790 1080 catenis

228 1133 326 1196 Fatale
342 1146 522 1197 monstrum:
540 1155 614 1215 quae
629 1137 803 1214 generosius

229 1218 330 1280 Perire
347 1240 492 1299 quaerens
509 1240 564 1282 nec
579 1222 763 1282 muliebriter

276 1304 398 1385 Expavit
413 1325 514 1367 ensem
530 1325 586 1366 nac
601 1307 718 1366 latentis

327 1391 424 1451 Classe
439 1391 495 1451 cita
512 1392 656 1468 reparavit
671 1410 747 1462 oras,

229 1507 305 1568 Ausa
322 1517 351 1568 et
365 1509 509 1568 iacentem
525 1509 618 1567 visere
633 1509 742 1585 regiam

231 1591 318 1652 Voltu
333 1611 450 1664 sereno,
467 1592 551 1652 fortis
567 1602 596 1651 et
611 1610 730 1670 asperas

275 1677 412 1736 Tractare
428 1684 593 1754 serpentes,
609 1685 641 1735 ut
656 1686 752 1736 atrum

327 1759 459 1839 Corpore
474 1759 648 1821 conbiberet
661 1780 818 1834 venenum,

154 1920 156 1924 »
230 1878 395 1939 Deliberata
410 1888 506 1939 morte
521 1879 664 1952 ferociam

229 1963 326 2024 Saevis
342 1963 481 2024 Liburnis
496 1963 608 2024 scilicet
622 1963 757 2024 invidens

276 2049 389 2109 Privata
404 2048 510 2109 deduci
526 2048 654 2128 superbo

325 2134 391 2194 Non
407 2133 527 2195 humilis
542 2133 648 2194 mulier
663 2133 822 2211 triumpho.

563 2384 708 2444 XXXl'lll

231 2501 367 2561 Persicos
381 2503 438 2573 cdi,
455 2520 540 2580 puer,
555 2501 721 2579 adparatus,

233 2584 396 2663 Displicent
412 2603 505 2644 nexae
522 2584 633 2664 philyra
650 2600 794 2655 coronae3

234 2668 316 2728 Mitte
332 2668 447 2739 sectari,
464 2687 529 2729 rosa
546 2687 605 2746 qno
621 2668 754 2728 locorum

309 2752 380 2812 Sera
395 2762 537 2813 moretur.

232 2869 364 2948 Simplici
380 2879 474 2950 myrto
491 2871 562 2931 nihil
577 2870 729 2932 adlabores

232 2954 366 3028 Sedulus,
382 2972 470 3016 curo:
487 2975 583 3034 neque
598 2967 627 3017 te
643 2957 812 3017 ministrum

232 3039 358 3100 Dedecet
373 3050 486 3120 myrtus
502 3059 600 3119 neque
615 3061 661 3102 me
676 3043 731 3103 sub
745 3052 806 3102 arta

279 3124 342 3185 Vite
358 3125 518 3186 bibentem.

103 3257 302 3268 --.-....

188 3373 302 3424 XllllVll
319 3391 343 3427 v.
363 3377 394 3427 25
412 3381 538 3427 tacentem
557 3379 592 3440 (v)
610 3377 694 3430 mnu.

189 3441 312 3493 xxxvm
330 3459 353 3492 v.
373 3446 388 3495 6
407 3457 465 3493 cura
483 3444 569 3495 Bentl.

540 3717 741 3725 ——1——--
