2640 4372
453 200 642 254 SthRARUM
660 203 679 253 ll
699 206 722 255 3.

132 373 273 454 Eupolin,
297 373 515 446 Archilochum,
540 375 662 436 comites
685 376 811 435 educere
834 373 951 436 tantos?

131 459 273 520 lovidiam
297 460 412 537 placare
435 478 521 538 paras
543 460 651 520 virtute
674 457 796 520 relicta?

133 545 332 607 Contemnere
354 545 453 604 miser.
499 545 621 604 Vitanda
645 555 689 605 est
711 544 844 623 irnproba
868 545 952 606 Siren

133 630 248 691 Desidia
271 638 322 689 aut
344 629 486 708 quidquid
510 630 565 689 vita
590 631 710 690 meliore
733 632 841 708 parasti
1095 643 1123 694 lo

134 714 310 776 Ponendum
334 732 428 792 aequo
451 705 567 775 animo.>
615 714 649 775 Di
674 726 712 784 te
737 715 920 793 Damasippo,
943 716 1073 795 deaeque

134 799 243 861 Verum
267 799 304 860 ob
328 800 484 860 consilium
508 800 621 859 donent
643 811 773 859 tonsore.
819 799 874 860 Sed
899 802 977 862 unde

134 885 205 945 Tam
235 884 312 945 bene
335 902 382 943 me
406 882 505 945 nosti?
546 877 718 962 ‘Postquam
743 885 839 944 omnis
862 903 909 945 res
931 905 995 947 mea
1019 889 1122 950 lanum

135 969 177 1029 nd
201 970 328 1030 medium
353 970 444 1030 fracta
467 980 520 1041 est
543 970 636 1029 aliena
661 970 777 1047 negotia
801 987 883 1030 curo.

135 1054 285 1115 Excessus
309 1055 452 1133 propriis;
476 1055 543 1114 olirn
569 1074 636 1114 nam
661 1072 802 1132 quaerere
825 1031 982 1128 amabam
1095 1072 1125 1120 2⁰

135 1139 202 1209 Ouo
224 1140 304 1199 valer
327 1139 374 1200 ille
397 1141 486 1217 pedes
510 1139 622 1199 lavisset
646 1139 789 1218 Sisyphus
812 1157 887 1210 aere,

134 1223 210 1294 Quid
234 1226 381 1302 sculptum
405 1225 529 1293 infabre,
554 1225 622 1302 quid
647 1226 743 1285 lusum
768 1225 871 1286 durius
893 1237 981 1300 esset;

135 1308 262 1370 Callidus
284 1309 352 1369 huic
375 1310 461 1386 signo
485 1311 629 1388 ponebam
653 1310 731 1369 milia
755 1321 891 1385 centum3

134 1393 244 1456 Hortos
267 1395 457 1472 egregiasque
481 1395 584 1454 domos
607 1395 766 1454 mercarier
788 1414 865 1455 unus

135 1479 207 1541 Cum
231 1480 315 1540 lucro
339 1497 458 1539 noram:
482 1480 561 1539 unde
584 1481 756 1579 frequentia
772 1480 948 1540 Mercuriale
1094 1492 1125 1543 25

134 1564 305 1644 Imposuere
327 1564 397 1624 rnihi
421 1582 586 1641 cognomen
611 1554 756 1643 compita?
804 1565 886 1635 Nori,

135 1648 172 1709 Et
194 1649 288 1710 miror
309 1649 406 1709 morbi
430 1660 588 1746 purgatum
611 1658 639 1709 te
662 1650 747 1710 illius.
793 1651 881 1728 Atqui

136 1734 249 1794 Emorit
272 1745 398 1795 veterem
423 1736 496 1794 mire
520 1754 623 1805 novos,
647 1745 680 1794 ut
668 1735 814 1807 tsolet‚'
808 1755 837 1794 rn
862 1753 913 1795 cor

135 1819 269 1881 Traiecto
292 1820 392 1880 lateris
414 1820 513 1880 miseri
536 1820 674 1898 capitisve
697 1820 808 1892 dolore,

136 1904 174 1965 Ut
195 1904 374 1982 lethargicus
397 1905 444 1965 hic
466 1924 533 1965 cunr
557 1907 590 1964 sit
578 1905 693 1983 tpugil
716 1916 745 1965 et
767 1904 913 1964 medicum
936 1917 1031 1988 urget.
1096 1919 1125 1969 ³0

136 1989 210 2051 lium
235 1990 344 2086 nequid
368 1991 461 2050 simile
485 1991 562 2061 huic,
586 2000 648 2050 esto
673 2001 704 2050 ut
728 1989 806 2050 libet.
857 1982 1006 2068 ‘,0bone
1033 2014 1071 2055 ne
1095 2004 1123 2054 te

137 2073 309 2136 Frustrore:
333 2076 444 2137 insanis
467 2086 496 2136 et
520 2086 550 2135 tu
574 2076 714 2154 stultique
737 2094 831 2154 prope
855 2094 969 2152 omncs,

136 2159 240 2239 Siquid
262 2161 421 2221 Stertinius
443 2161 504 2220 veri
527 2171 637 2240 crepat,
660 2162 739 2221 unde
763 2181 817 2240 ego
841 2162 914 2222 mira

136 2245 284 2324 Descripsi
307 2246 409 2306 docilis
433 2257 588 2326 praecepta
611 2247 692 2319 haec,
717 2257 849 2325 tempore
872 2267 930 2325 quo
954 2267 1000 2308 me

138 2330 254 2391 Solatus
276 2331 360 2391 iussit
382 2331 543 2409 sapientem
568 2350 688 2427 pascere
712 2332 831 2391 barbam
1095 2342 1126 2391 ab

137 2417 233 2494 Atque
256 2434 271 2474 3
296 2416 429 2476 Fabricio
454 2436 514 2475 non
539 2417 650 2476 tristem
674 2426 765 2511 ponte
789 2417 904 2476 reverti.

136 2500 209 2562 Nam
232 2502 362 2561 malene
385 2511 466 2579 gesta
490 2520 556 2560 curn
580 2501 683 2560 vellem
707 2501 823 2560 mittere
847 2509 948 2579 operto

138 2585 183 2646 lle
207 2586 302 2683 capite
324 2585 353 2646 in
378 2587 497 2657 flumen,
521 2587 622 2645 dexter
644 2585 725 2644 stetit
746 2577 802 2644 et‘
805 2578 888 2643 ‘cave
910 2584 983 2644 laxis

137 2670 178 2730 Te
202 2673 358 2750 quicquam
382 2672 546 2748 indignum
583 2659 699 2729 Pudor''
726 2662 849 2747 inquit‘
851 2662 894 2728 te
916 2671 1009 2729 malus
1032 2669 1125 2748 angit,

138 2755 262 2818 lusanos
285 2757 335 2834 qui
358 2757 437 2816 inter
459 2774 576 2815 vereare
598 2755 720 2815 insanus
743 2753 854 2814 haberi
1097 2764 1127 2814 tu

138 2840 268 2902 Primum
292 2860 359 2900 narn
384 2841 539 2919 inquiram,
563 2841 632 2917 quid
655 2841 692 2899 sit
715 2841 829 2912 sorere;
852 2838 952 2898 hoc
930 2858 954 2898 si
978 2839 1033 2900 erit
1048 2839 1078 2899 in
1095 2847 1125 2899 te

139 2925 218 2998 Solo,
244 2927 285 2986 nil
307 2927 397 2999 verbi,
422 2944 524 3004 pereas
547 2926 617 3002 quin
643 2925 767 2997 sortiter,
791 2925 903 2985 addam.

138 3011 233 3082 Quem
256 3013 330 3071 mala
352 3011 473 3072 stultitia
497 3022 525 3071 et
548 3028 764 3089 quemcumque
788 3011 901 3070 inscitia
924 3009 984 3068 veri

140 3095 264 3158 Caecum
287 3098 354 3176 agit,
378 3099 515 3157 insanum
539 3095 695 3175 Chrysippi
718 3097 848 3174 porticus
871 3104 900 3154 et
921 3111 993 3170 grex

138 3183 294 3254 Automala
317 3183 388 3242 haec
411 3184 547 3261 populos,
571 3183 644 3241 haec
666 3198 789 3259 magnos
812 3181 936 3240 formula
959 3198 1054 3259 reges,
1098 3191 1128 3241 to

139 3267 270 3346 Excepto
293 3269 434 3345 sapiente,
458 3277 547 3327 tenet.
572 3300 611 3310 —
634 3265 721 3325 Nunc
743 3266 852 3346 accipe,
876 3284 967 3344 quare

139 3351 291 3430 Desipiant
313 3371 416 3413 omnes
438 3371 531 3431 aeque
554 3370 588 3411 ac
610 3360 651 3422 tu,
675 3351 725 3427 qui
748 3351 800 3411 tibi
824 3370 934 3411 nomen

140 3435 249 3498 insano
272 3456 410 3516 posuere:
433 3439 513 3498 velut
534 3437 622 3507 silvis,
645 3434 696 3495 ubi
718 3437 827 3515 passim

140 3522 268 3583 Palantis
291 3541 375 3582 error
398 3533 478 3583 certo
502 3524 537 3582 de
559 3522 674 3582 tramite
697 3521 788 3600 pellit,

141 3756 170 3808 ΙΙΙ
188 3774 212 3809 υ.
234 3760 265 3810 12
284 3757 391 3822 Eupolin
413 3757 564 3808 Archilocho
582 3760 618 3819 (o)
641 3756 726 3806 Bentl.
755 3757 758 3820 Ι
787 3757 887 3807 27-30
905 3753 983 3820 Atqui
998 3781 1028 3789 -
1043 3756 1128 3817 urget]

88 3830 220 3959 pppgepppo
246 3827 369 3877 tribuant
387 3827 421 3876 ol.
449 3828 454 3888 l
481 3827 513 3877 29
532 3826 666 3891 capitisve]
690 3827 737 3887 (viz
763 3825 905 3890 capitisque
932 3825 936 3886 Ι
963 3823 995 3874 33
1014 3835 1102 3872 oerum
1124 3823 1128 3887 Ι
