2640 4372
399 197 627 251 EPISTULARUM
646 199 655 251 l
675 202 714 253 ta.
736 203 773 252 15.
1057 195 1117 256 201

135 368 218 440 Quae
240 369 333 448 possit
354 370 407 430 tibi
431 389 486 461 nec
509 372 648 432 meretrix
670 372 800 441 tibicina,
824 372 908 433 cuius
1092 383 1120 433 25

133 454 177 514 Ad
199 455 354 533 strepitum
378 455 462 517 salias
484 464 580 517 terrae
602 457 712 534 gravis3
736 466 883 518 ettamen
908 476 995 536 urges

134 539 309 618 iampridem
334 559 394 600 non
418 550 493 601 tacta
517 542 666 621 ligonibus
688 560 754 602 arva
778 541 942 620 bovemque

135 624 320 685 Disiunctum
343 643 429 686 curas
451 635 481 686 et
502 627 610 687 strictis
634 626 789 687 frondibus
811 627 926 706 exples;

133 708 221 769 audit
243 728 319 788 opus
341 711 425 789 pigro
449 711 538 782 rinus,
561 712 585 772 si
608 712 716 773 decidit
738 712 841 783 imber,

135 793 224 855 llolta
247 796 325 855 mole
348 796 499 857 docendus
521 797 621 875 aprico
644 815 767 876 parcere
789 806 883 876 prato.
906 832 947 841 —
1092 808 1121 858 to

135 878 221 940 Nunc
244 881 306 957 age,
331 881 400 958 quid
425 890 560 942 nostrum
583 891 761 943 concentum
785 882 900 954 dividat,
923 883 1005 943 audit

135 964 229 1036 Quem
254 976 359 1044 tenues
381 967 507 1027 decuere
531 976 615 1046 togae
639 967 783 1047 nitidique
804 967 910 1047 capilli,

134 1050 229 1120 Quem
252 1050 310 1110 scis
331 1050 485 1111 inmunem
508 1051 631 1114 Cinarae
653 1052 798 1133 placuisse
821 1053 928 1132 rapaci,

135 1136 230 1206 Quem
252 1134 384 1195 bibulum
408 1136 509 1214 liquidi
533 1138 627 1197 media
649 1140 685 1199 de
709 1139 774 1199 luce
797 1138 924 1211 Falerni,

135 1221 212 1284 Cena
235 1220 332 1282 brevis
353 1221 432 1280 iurat
455 1231 483 1281 et
505 1240 599 1302 prope
622 1223 715 1283 rivum
738 1243 862 1285 somnus
885 1223 915 1282 in
939 1221 1039 1296 berba,
1092 1232 1121 1282 35

135 1306 196 1368 Nec
218 1306 323 1367 lusisse
345 1306 445 1384 pudet,
468 1308 520 1367 sed
544 1327 604 1368 non
627 1308 758 1370 incidere
781 1310 892 1370 ludum.

134 1391 199 1452 Non
223 1391 288 1452 istic
311 1390 432 1470 obliquo
455 1392 542 1453 oculo
564 1412 628 1453 mea
652 1396 804 1455 commoda
828 1394 983 1472 quisquam

134 1477 238 1551 limat,
262 1495 322 1537 non
347 1478 413 1537 odio
437 1476 564 1538 obscuro
587 1496 747 1557 morsuque
769 1488 906 1552 venenat,

135 1562 243 1623 Rident
263 1561 351 1622 vicini
374 1562 493 1640 glaebas
515 1572 545 1623 et
567 1582 634 1624 saxa
657 1573 833 1625 moventem.

135 1647 208 1708 Cum
230 1647 321 1708 servis
343 1647 456 1708 urbana
480 1647 569 1708 diaria
593 1649 699 1708 rodere
721 1650 820 1723 uraris,
1092 1657 1122 1707 40

135 1735 249 1795 Horum
272 1739 304 1792 tu
327 1732 357 1792 in
382 1750 538 1793 numerum
563 1742 629 1793 voto
652 1733 722 1803 ruis,
745 1734 856 1795 invidet
878 1752 963 1793 usum

135 1819 298 1898 Lignorum
322 1826 351 1876 et
373 1818 489 1896 pecoris
512 1817 565 1878 tibi
588 1819 651 1878 calo
675 1829 796 1897 argutus
819 1828 848 1879 et
870 1818 957 1878 horti.

135 1904 225 1983 Optat
247 1903 383 1984 epbippia
407 1903 460 1963 bos
482 1903 576 1980 piger,
599 1912 681 1983 optat
703 1921 786 1964 arare
809 1903 954 1977 caballus;

136 1989 231 2060 Quam
254 1989 309 2050 scit
330 1997 466 2066 uterque,
489 1988 593 2060 libens,
617 1988 756 2062 censebo,
780 1997 916 2050 exerceat
938 1996 1039 2048 artem.

559 2277 608 2336 XV

136 2395 218 2466 Quae
241 2396 278 2457 sit
300 2395 394 2455 biems
416 2395 524 2466 Veliae,
547 2394 627 2473 quod
649 2396 772 2465 caelum,
797 2395 875 2464 Vala,
899 2394 1023 2468 Salerni,

136 2481 270 2552 Quorum
296 2479 451 2540 hominum
479 2479 560 2557 regio
584 2487 613 2539 et
636 2479 795 2556 qualisvis
818 2512 832 2523 -
856 2497 924 2539 nam
947 2479 1016 2539 mihi
1040 2479 1123 2540 Raias

137 2566 216 2627 illusa
239 2582 436 2645 supervacuas
458 2563 616 2635 Antonius,
640 2572 669 2623 et
690 2572 788 2623 tamen
812 2563 868 2622 illis

137 2651 182 2712 Me
205 2652 274 2711 lacit
297 2650 433 2723 invisum,
455 2649 550 2727 gelida
573 2666 641 2709 cum
663 2647 785 2728 perluor
807 2647 885 2706 unda
913 2698 914 2701 ,

135 2737 192 2797 Per
214 2736 343 2797 medium
367 2735 469 2814 frigus.
515 2734 592 2793 Sane
613 2740 740 2793 murteta
763 2731 890 2809 relinqui
1107 2742 1122 2792 5

136 2821 278 2900 Dictaque
301 2829 464 2882 cessantem
488 2818 585 2879 nervis
608 2817 717 2878 elidere
740 2817 875 2876 morbum

137 2907 264 2986 Sulpura
287 2906 438 2967 contemni
460 2904 541 2965 vicus
563 2903 661 2983 gemit,
684 2902 800 2963 invidus
823 2901 927 2980 aegris,

136 2991 194 3062 Qui
217 3001 306 3071 caput
328 3000 357 3051 et
378 2989 562 3051 stomachum
585 3006 757 3068 supponere
779 2987 913 3048 lontibus
934 2987 1044 3047 audout

137 3076 263 3138 Clusinis
287 3075 454 3154 Gabiosque
477 3083 584 3154 petunt
606 3084 635 3134 et
657 3074 763 3152 frigida
786 3091 865 3133 rura.

136 3161 294 3223 blotandus
316 3161 399 3222 locus
421 3169 465 3221 est
487 3168 517 3219 et
538 3158 704 3220 deversoria
727 3154 807 3241 uota:
1097 3167 1124 3218 10

138 3247 390 3325 Praeteragondus
413 3264 515 3323 equus.
557 3237 637 3315 ‘Quo
660 3241 780 3304 tendis?
804 3263 864 3303 uon
888 3242 959 3302 mibi
983 3242 1088 3303 Cumas

137 3331 190 3393 Est
212 3332 267 3394 iter
289 3340 340 3392 aut
362 3325 453 3392 Baias'
478 3330 557 3390 laeva
580 3329 783 3390 stomachosus
806 3328 920 3388 babena

136 3417 220 3478 Ilicet
241 3435 346 3496 eques3
368 3416 421 3477 sed
443 3414 511 3493 equi
533 3415 648 3473 frenato
671 3423 715 3474 est
738 3414 816 3474 auris
838 3415 869 3474 in
892 3432 943 3474 ore
965 3429 995 3487 -3

83 3540 251 3547 μ-ψ-Ν

138 3619 195 3671 xlv
204 3636 228 3671 c.
242 3621 272 3670 25
286 3622 375 3684 posset
390 3615 394 3681 Ι
410 3618 442 3668 39
454 3632 493 3680 aq.
506 3618 659 3668 moventem.
688 3614 749 3665 Cum
760 3614 841 3664 servis
853 3613 958 3676 urbana]
971 3637 1004 3657 =
1015 3613 1124 3678 Parnm:

83 3696 199 3740 ovantem
217 3702 273 3738 cum
293 3685 381 3737 servis.
400 3683 500 3734 Urbana
520 3683 554 3734 al.
570 3685 575 3742 1
591 3686 623 3734 40
642 3683 734 3734 cibaria
758 3685 761 3744 Ι
783 3683 816 3733 ta
835 3681 891 3743 bos,
909 3681 980 3746 piger
998 3686 1071 3747 optat
1089 3680 1123 3732 al.

139 3755 186 3806 xv
207 3773 230 3806 o.
252 3757 282 3807 12
302 3752 395 3803 Baias?
428 3752 458 3803 ll.
475 3750 603 3802 Duncleer
629 3752 632 3814 Ι
664 3753 692 3802 13
718 3763 798 3816 equus
824 3748 851 3800 K.
870 3748 951 3799 lliecls
974 3765 1035 3799 oon.
1058 3749 1123 3814 pdil.

87 3827 111 3888 9,
129 3826 162 3877 69
174 3841 226 3889 cq.;
245 3823 275 3874 lt.
293 3821 421 3872 Dunclter
442 3820 507 3872 ibid.
530 3821 586 3881 129,
604 3822 635 3870 bl
648 3836 704 3885 sqq.
723 3818 792 3884 equi]
815 3834 839 3870 o.
859 3816 885 3868 V
900 3817 956 3867 e'nd.
976 3816 1123 3869 lecherol.

83 3895 104 3945 b.
123 3910 147 3944 o.
168 3894 233 3946 1889
248 3908 275 3957 p.
296 3894 340 3942 10:
360 3889 432 3956 equis
450 3890 486 3953 (o)
