2640 4372
127 207 188 265 196
479 208 710 263 EPISTULARUM
727 211 738 263 Ι
755 214 780 264 9.
800 215 840 264 10.

645 382 685 444 lx

209 501 378 582 Septimius,
401 499 511 572 Claudi,
535 503 674 562 nimirum
697 492 842 582 intellegit
864 521 952 575 unus,

210 587 321 658 Quanti
343 604 389 647 me
412 587 515 647 iacias:
539 605 608 648 nam
631 605 698 648 cum
720 596 806 667 rogat
828 595 858 648 et
878 606 969 668 prece
992 591 1081 668 cogit,

210 673 329 734 Scilicet
351 681 384 732 ut
405 672 458 733 tibi
481 691 512 733 se
534 672 653 733 laudare
677 683 706 732 et
727 672 844 733 tradere
866 691 969 744 coner,

210 759 338 838 Dignum
360 766 461 817 mente
484 758 632 836 domoque
655 758 779 837 legentis
802 759 927 819 honesta
948 758 1086 835 Neronis,

211 843 334 904 Munere
357 860 424 902 cum
447 843 532 920 fungi
554 843 704 921 propioris
726 852 828 903 censet
849 844 945 917 amici,

209 928 287 999 Quid
309 928 418 1007 possim
442 928 519 987 videt
541 946 574 987 ac
598 928 679 988 novit
700 946 748 987 me
770 927 881 989 valdius
903 929 978 1007 ipso.

209 1013 302 1074 llulta
324 1012 442 1091 quidem
467 1013 535 1085 dixi,
559 1030 612 1072 cur
635 1022 791 1074 excusatus
813 1013 936 1089 abirem,

211 1099 267 1159 Sed
290 1099 383 1171 timui,
407 1115 470 1157 mea
493 1117 531 1157 ne
554 1098 674 1158 finxisse
697 1099 812 1159 minora
835 1108 966 1179 putarer,

209 1183 414 1245 Dissimulator
436 1183 501 1261 opis
523 1184 671 1262 propriae,
696 1184 766 1243 mibi
789 1184 963 1246 commodus
986 1185 1049 1246 uni.

212 1270 260 1329 Sic
283 1287 348 1348 ego,
372 1268 490 1328 maioris
512 1269 631 1347 lugiens
653 1268 813 1348 opprobria
836 1269 951 1349 culpae,

211 1354 330 1414 Frontis
353 1353 390 1413 ad
412 1353 541 1413 urbanae
565 1353 703 1414 descendi
726 1355 866 1432 praemia.
912 1353 1025 1424 Quodsi

210 1439 382 1518 Depositum
405 1438 505 1499 laudas
528 1439 566 1498 ob
589 1439 674 1498 amici
696 1438 773 1499 iussa
797 1441 952 1517 pudorem,

210 1524 314 1585 Scribe
336 1523 379 1583 tui
402 1524 499 1602 gregis
522 1524 603 1584 hunc
625 1534 654 1583 et
676 1523 783 1584 fortem
807 1525 894 1584 crede
916 1524 1098 1604 bonumque.

648 1793 675 1854 X

210 1913 298 1974 Urbis
320 1920 480 1972 amatorem
504 1911 631 1973 Fuscum
654 1913 766 1974 salvere
788 1912 925 1973 iubemus
1008 1950 1013 1956 ι

213 1998 300 2057 Ruris
322 2006 478 2056 amatores.
523 1997 585 2058 Hac
608 1998 638 2057 in
662 2016 695 2058 re
717 1997 829 2059 scilicet
851 2017 911 2058 una

211 2081 335 2142 Multum
359 2080 523 2154 dissimiles,
546 2091 575 2142 at
597 2091 694 2142 cetera
718 2101 812 2161 paene
834 2083 952 2162 gemelli

208 2165 359 2227 Fraternis
381 2165 486 2225 animis
508 2199 525 2209 -
548 2167 690 2245 quidquid
716 2178 802 2245 negat
824 2169 907 2242 alter,
930 2176 960 2229 et
982 2169 1056 2230 alter
1077 2203 1091 2215 ·

209 2248 375 2312 Adnuimus
397 2249 509 2328 pariter
529 2251 621 2312 vetuli
644 2253 767 2330 notique
790 2253 930 2314 columbi.

210 2337 255 2396 Tu
278 2335 381 2397 nidum
403 2354 509 2408 servas,
533 2355 588 2416 ego
611 2337 697 2398 laudo
720 2339 799 2400 ruris
822 2339 939 2399 amoeni

210 2421 297 2482 Rivos
320 2430 349 2481 et
370 2439 473 2482 musco
496 2421 659 2484 circumlita
682 2441 750 2483 saxa
772 2441 947 2501 nemusque.

210 2506 287 2578 Quid
311 2504 449 2583 quaeris?
471 2507 536 2568 vivo
559 2517 590 2568 et
611 2526 716 2587 regno,
739 2509 828 2569 simul
849 2509 904 2569 ista
927 2509 1045 2587 reliqui,

210 2592 293 2661 Quae
315 2611 366 2653 vos
388 2592 424 2652 ad
447 2592 559 2653 caelum
584 2593 693 2654 effertis
715 2612 836 2654 rumore
858 2594 1004 2668 secundo,

209 2675 307 2755 thue
329 2677 489 2738 sacerdotis
511 2679 651 2757 fugitivus
671 2678 730 2738 liba
753 2697 869 2752 recuso,

210 2761 291 2823 Pane
314 2781 386 2841 egeo
409 2763 465 2822 iam
489 2764 607 2824 mellitis
629 2762 746 2842 potiore
768 2764 922 2842 placentis.
945 2796 987 2808 -

211 2846 314 2907 Vivere
338 2855 460 2908 naturae
483 2849 506 2908 si
530 2849 743 2909 convenienter
766 2857 894 2927 oportet,

210 2932 413 3010 Ponendaque
436 2931 523 2993 domo
547 2934 716 3012 quaerenda
739 2942 783 2994 est
805 2952 873 2994 area
895 2933 1034 3014 primum,

210 3016 360 3077 Novistine
382 3017 479 3076 locum
502 3019 649 3096 potiorem
671 3037 741 3079 rure
762 3016 871 3079 beato?

211 3101 263 3162 Est
284 3100 335 3160 ubi
357 3101 424 3180 plus
445 3111 566 3181 tepeant
587 3105 708 3177 hiemes,
731 3103 782 3164 ubi
804 3105 915 3184 gratior
937 3122 1009 3164 aura

210 3185 314 3246 Leniat
337 3195 366 3246 et
387 3185 498 3246 rabiem
521 3188 609 3249 Canis
630 3198 661 3249 et
682 3197 832 3250 momenta
854 3189 974 3262 beonia,
1017 3183 1020 3190 ’

211 3270 284 3331 Cum
307 3271 397 3331 semel
419 3275 532 3352 accepit
555 3273 652 3334 Solem
675 3274 854 3335 furibundus
876 3272 1017 3335 acutum?

210 3354 263 3417 Est
284 3355 336 3415 ubi
360 3356 475 3417 divellat
497 3377 620 3420 somnos
642 3359 741 3420 minus
765 3358 863 3419 invida
885 3356 980 3419 cura?

210 3441 345 3503 [leterius
367 3440 485 3522 Libycis
509 3443 568 3504 olet
590 3453 641 3505 aut
662 3444 737 3504 nitet
757 3443 849 3504 berba
871 3441 1001 3524 lapillis?

211 3623 233 3674 x
251 3640 275 3676 υ.
295 3627 310 3676 2
328 3630 463 3688 amatores,
481 3626 529 3677 bac
547 3626 583 3678 al.
608 3626 613 3693 1
638 3629 652 3679 3
671 3630 707 3692 at]
724 3628 762 3678 B⁰
779 3630 829 3692 (elz
847 3628 878 3680 ad
902 3626 908 3696 Ι
931 3632 948 3682 4
966 3626 1197 3695 quidquid-alter]

121 3695 296 3758 parenthesin
314 3710 367 3743 esse
391 3696 482 3745 docuit
499 3693 549 3746 ΑΚ
572 3696 576 3760 Ι
604 3699 670 3762 beq.
692 3696 794 3763 pariter,
822 3695 1065 3761 vetuli—columbi,
1092 3701 1119 3749 tu
1137 3694 1196 3759 etl

126 3763 141 3812 9
160 3759 266 3827 effertis]
285 3762 322 3812 13⁰
341 3764 389 3826 (ab
415 3762 486 3814 tertis
502 3764 506 3829 Ι
524 3765 555 3816 13
574 3764 753 3831 ponendaque]
772 3765 852 3829 roto)
871 3765 902 3816 H.
920 3763 1028 3830 Sauppe
1046 3765 1141 3817 Pleilol.
1160 3764 1198 3825 tt,

126 3830 174 3880 253
186 3845 254 3893 sqq:
272 3829 458 3897 ponendaeque
473 3831 477 3899 Ι
493 3831 678 3899 ponendaeque
697 3833 774 3884 domu
791 3834 865 3885 Aaou.
884 3832 1022 3884 Baehrens
1036 3833 1096 3886 Vol.
1109 3833 1198 3885 Flacc.

123 3913 150 3962 p.
170 3895 261 3947 llllllll
276 3899 280 3964 Ι
297 3899 328 3951 18
347 3897 460 3965 depellat
