2640 4372
501 203 673 256 cahuttttttt
690 206 711 258 ll
730 209 769 261 tt.
791 208 830 261 19.

261 376 337 447 Quid
354 378 433 455 quod
450 396 544 456 usque
559 379 711 457 proximos

306 461 432 522 Revellis
447 463 510 541 agri
526 463 670 526 terminos
683 473 714 526 et
728 465 805 526 ultra

189 556 218 605 25
262 545 383 607 Limites
398 546 551 608 clientium

306 630 380 692 Salis
396 629 520 693 avarus?
535 633 655 711 pellitur
670 642 810 713 paternos

260 715 294 775 lu
311 716 378 776 sinu
394 718 495 778 ferens
509 717 580 778 deos

306 801 345 861 Et
360 819 435 862 uror
450 811 480 862 et
494 802 538 862 vir
552 803 748 881 sordidosque
765 813 858 864 natos.

257 887 342 947 Nulla
358 887 469 947 certior
484 897 580 947 tamen

184 981 213 1031 3⁰
299 971 424 1051 Rapacis
441 971 510 1032 Orci
527 973 586 1032 fine
603 972 746 1033 destinata

257 1056 330 1116 Aula
346 1055 463 1117 divitem
480 1067 580 1116 manet

304 1141 405 1202 Erum.
436 1142 513 1213 Quid
530 1141 607 1202 ultra
622 1138 741 1202 tendis?
756 1159 849 1220 aequa
864 1142 951 1204 tellus

258 1225 383 1306 Pauperi
402 1226 565 1287 recluditur

304 1311 478 1391 Regumque
494 1311 595 1390 pueris
611 1327 666 1370 uec
681 1310 798 1371 satelles
814 1311 882 1370 Orci

185 1403 214 1453 55
258 1394 400 1456 Callidum
416 1396 592 1456 Promethea

302 1481 424 1541 llevexit
439 1499 512 1541 auro
528 1491 640 1560 captus.
671 1479 725 1538 llic
741 1478 902 1557 superbum

257 1563 411 1625 Tantalum
428 1576 516 1644 atque
533 1564 646 1626 Tantali

304 1650 405 1711 Genus
420 1661 546 1722 coercet,
562 1651 609 1710 hic
625 1649 720 1710 levare
736 1649 871 1708 iunctum

256 1732 419 1813 Pauperem
436 1735 585 1796 laboribus

306 1820 430 1880 Vocatus
446 1829 533 1898 atque
550 1839 609 1879 non
626 1828 747 1879 vocatus
761 1817 850 1879 audit.

628 2071 693 2132 xtx

262 2189 409 2250 bacchum
427 2191 457 2251 in
475 2191 595 2251 remotis
610 2191 740 2251 carmina
758 2188 882 2269 rupibus

258 2274 321 2334 Vidi
337 2276 503 2348 docentem,
520 2275 630 2337 credite
645 2276 766 2354 posteri,

303 2360 510 2440 Nymphasque
525 2361 665 2422 discentis
680 2370 710 2421 et
724 2359 804 2420 auris

355 2445 552 2525 Capripedum
568 2447 740 2526 Satyrorum
757 2453 865 2505 acutas.

199 2572 214 2621 5
258 2562 368 2637 Euhoe,
385 2566 499 2626 recenti
515 2584 600 2625 mens
615 2565 741 2643 trepidat
757 2571 838 2623 metu

257 2648 409 2729 Plenoque
425 2650 531 2711 Bacchi
548 2658 667 2728 pectore
683 2649 834 2710 turbidum

303 2734 457 2795 Laetaturl
481 2736 585 2805 euhoe,
602 2752 689 2812 parce
705 2734 801 2806 Liber,

353 2820 455 2890 Parce,
471 2818 551 2897 gravi
567 2819 727 2879 metuende
744 2815 860 2897 thyrsol

257 2935 312 2996 Fas
327 2936 488 3014 pervicacis
504 2943 548 2995 est
563 2935 633 2995 mihi
650 2935 793 3016 Thyiadas

187 3029 216 3079 10
260 3020 385 3097 Virique
402 3021 513 3080 fontem
529 3020 612 3080 lactis
628 3031 657 3080 et
672 3023 777 3082 uberes

303 3105 428 3166 Cartare
443 3105 520 3165 rivos
535 3116 623 3183 atque
638 3107 751 3167 truncis

352 3189 447 3269 Lapsa
463 3191 540 3250 cavis
555 3190 661 3251 iterare
676 3192 770 3266 mella,

256 3306 311 3368 Fas
326 3315 356 3367 et
371 3307 472 3368 beatae
489 3309 624 3386 coniugis
639 3308 769 3370 additum

255 3392 352 3454 Stellis
366 3394 510 3454 honorem
526 3402 661 3470 tectaque
677 3393 801 3453 Penthei

183 3487 211 3537 15
298 3477 423 3538 Disiecta
439 3497 500 3538 non
517 3479 576 3540 leni
593 3479 678 3538 ruina

352 3562 473 3624 Thracis
490 3573 519 3624 et
534 3563 653 3623 exitium
670 3562 807 3643 Lycurgi.

212 3811 290 3865 XVlll
308 3829 331 3864 o.
349 3815 383 3865 30
402 3815 503 3880 capacis
516 3814 600 3866 Bentl.
617 3813 622 3882 Ι
637 3814 697 3866 sede
710 3817 745 3880 (v)
758 3815 863 3880 (Bentl.)
879 3817 882 3880 Ι
899 3816 932 3867 32
944 3812 1029 3875 Quid?
1045 3815 1080 3868 F.
1092 3816 1209 3871 chrict-

123 3897 205 3932 mann
223 3883 374 3932 Horatiana
388 3898 416 3948 p.
435 3885 466 3935 41
474 3899 511 3947 sq.
