2640 4372
513 209 702 263 sarmarum
721 211 730 262 1
749 215 772 263 2.
1125 207 1183 266 127

189 383 420 445 Libertinarum
443 384 518 457 dico,
542 384 692 445 Sallustias
715 386 744 445 in
769 403 842 463 quas

189 469 264 531 Non
287 470 388 531 minus
410 470 520 530 insanit
542 488 629 547 quarn
653 470 703 548 qui
726 471 909 531 moechatur.
952 475 990 533 At
1011 475 1061 535 bic
1083 477 1117 549 si,

190 556 261 627 Qua
284 573 341 628 res,
365 574 423 634 qua
446 555 520 616 ratio
543 556 680 615 suaderet
701 573 818 633 quaque
841 557 974 618 modeste
1159 573 1187 622 55

190 640 338 702 Munillco
361 659 425 702 esse
448 640 526 713 licet,
548 639 634 700 vellet
655 638 753 700 bonus
774 652 863 719 atque
886 642 1034 720 benignus

193 725 281 799 Esse,
305 725 388 786 daret
411 734 553 804 quantum
577 725 647 785 satis
670 736 825 787 essetnec
848 727 902 788 sibi
926 729 1032 790 damno

192 810 402 889 Dedecorique
424 811 510 871 soret.
545 810 653 870 Verum
677 811 732 871 boc
755 829 787 870 se
809 813 997 890 amplectitur
1019 834 1091 887 uno,

194 895 261 957 Hoc
285 905 362 956 amat
384 904 414 957 et
435 896 547 956 laudat:
567 888 745 955 ‘matronam
770 897 879 957 nullam
902 916 956 975 ego
979 893 1089 979 tango.’

195 979 237 1041 Ut
260 981 410 1060 qnondam
434 981 592 1052 Marsaeus,
615 990 728 1041 amator
751 980 883 1059 Originis
905 982 962 1056 ille,
1158 997 1187 1045 55

198 1065 257 1136 Qui
280 1066 409 1145 patrium
431 1066 535 1127 mimae
558 1066 649 1126 donat
670 1067 855 1146 luridumque
879 1068 1039 1147 laremque,

195 1143 258 1211 ‘Nil
281 1152 369 1211 luerit
391 1144 437 1211 mi'
463 1151 560 1229 inquit
578 1144 660 1212 ‘curn
684 1152 825 1214 uxoribus
840 1172 981 1230 umquam
1004 1148 1124 1215 alienis'

199 1235 309 1296 Verum
333 1244 450 1296 etcum
475 1237 580 1308 mimis,
604 1247 648 1297 est
669 1255 736 1298 cum
760 1238 973 1310 meretricibus,
997 1240 1076 1300 unde

201 1320 290 1382 Fama
313 1321 421 1382 malum
444 1322 561 1400 gravius
583 1341 670 1400 quarn
694 1340 740 1382 res
763 1324 861 1382 trabit.
895 1324 940 1384 An
965 1324 1016 1384 tibi
1039 1324 1157 1387 abunde

202 1404 362 1468 Personam
385 1407 454 1468 satis
476 1416 528 1480 est,
552 1426 611 1466 non
637 1407 717 1479 illud,
741 1408 883 1486 quidquid
906 1408 1017 1488 ubique
1159 1420 1188 1470 55

206 1490 313 1564 0115515,
337 1489 467 1552 evitare?
489 1492 598 1552 bonam
621 1491 783 1570 deperdere
806 1495 922 1566 samam,

204 1574 275 1638 llem
292 1576 385 1657 patris
399 1577 551 1649 oblimare,
566 1579 675 1637 malum
691 1586 736 1637 est
750 1577 940 1656 ubicumque.
964 1579 1040 1650 Quid
1057 1581 1135 1640 inter

204 1661 257 1724 llst
279 1660 309 1722 in
334 1671 477 1736 matrona,
500 1662 605 1722 ancilla
628 1681 773 1741 peccesne
797 1661 917 1741 togata?

204 1746 306 1808 Villius
327 1748 358 1807 in
382 1748 488 1808 Fausta
512 1748 609 1808 Sullae
632 1766 750 1826 genere,
775 1749 830 1808 boc
853 1749 942 1808 miser
964 1768 1025 1809 uno

204 1831 330 1894 Nomine
352 1833 503 1911 deceptus,
526 1851 638 1911 poenas
661 1833 739 1893 dedit
762 1852 855 1911 usque
876 1853 1026 1913 superque
1163 1846 1192 1896 55

205 1916 299 1987 Quam
322 1919 391 1979 satis
414 1928 467 1992 est,
490 1918 598 1997 pugnis
621 1937 724 1979 caesus
746 1920 884 1997 ferroque
908 1920 1026 1997 petitus,

205 2001 351 2064 Exclnsus
372 2003 447 2076 sore,
471 2021 537 2063 cum
560 2003 755 2082 Longarenus
778 2005 855 2065 15555
877 2004 966 2066 intus.

206 2087 281 2148 Huic
303 2089 328 2148 si
350 2089 494 2148 muttonis
516 2089 612 2148 verbis
635 2089 708 2148 mala
732 2099 813 2150 tanta
836 2089 944 2150 videnti

207 2172 324 2234 lliceret
345 2174 417 2234 hacc
440 2174 556 2234 animus
575 2166 666 2243 ‘Ouid
690 2175 731 2235 vis
753 2173 828 2235 tibi?
851 2176 994 2254 numquid
1017 2195 1071 2256 ego
1095 2195 1110 2237 a
1132 2185 1161 2236 tc

207 2257 313 2338 Magno
336 2267 515 2338 prognatum
538 2259 667 2337 deposco
690 2261 813 2321 consule
835 2280 969 2322 cunnum
1165 2271 1193 2320 70

206 2342 398 2423 Velatumque
421 2345 504 2416 stola,
527 2363 591 2404 mea
615 2364 682 2405 cum
706 2346 874 2405 conferbuit
896 2342 984 2418 irai’,

208 2426 283 2497 Quid
305 2427 523 2508 responderet?
542 2423 663 2506 ‘Magno
687 2439 770 2507 patre
793 2439 859 2489 nata
882 2430 978 2508 puella
1002 2424 1065 2490 est.³

208 2513 243 2572 dt
265 2522 377 2592 quanto
401 2514 521 2574 meliora
545 2523 646 2575 monet
668 2514 891 2593 pugnantiaque
914 2515 977 2574 istis

208 2597 293 2660 llires
316 2599 380 2677 opis
403 2608 508 2660 natura
530 2619 610 2671 suae,
634 2608 665 2659 tu
688 2599 712 2659 si
736 2598 824 2658 modo
847 2607 928 2658 recte

207 2682 384 2762 Dispensare
408 2685 477 2745 velis
500 2704 534 2745 ac
556 2704 617 2745 non
641 2684 780 2762 fugienda
804 2684 938 2760 petendis
1166 2695 1195 2744 55

209 2767 380 2830 lnmiscere.
425 2769 489 2829 Tuo
512 2771 581 2830 vitio
605 2788 745 2829 rerumne
768 2768 895 2842 labores,
1237 2780 1240 2785 ·

209 2852 256 2913 Nil
278 2855 390 2914 5515555
413 2854 522 2932 putas?
546 2855 652 2926 Quare,
676 2875 713 2914 ne
738 2854 885 2932 paeniteat
908 2863 947 2926 55,

209 2937 316 2999 Desine
340 2948 489 3000 matronas
512 2941 661 3012 sectarier,
684 2942 763 3000 unde
786 2937 896 3000 laboris

210 3023 280 3084 Plus
302 3024 420 3085 haurire
443 3026 511 3086 mali
534 3035 578 3085 555
600 3044 688 3104 qnam
712 3045 747 3086 ex
770 3043 801 3084 re
826 3018 985 3103 decerpere
1010 3023 1131 3084 fructus.

209 3108 270 3170 Nec
292 3109 384 3189 magis
406 3111 483 3182 huic,
508 3112 586 3172 inter
608 3112 709 3173 niveos
731 3110 890 3188 viridisque
912 3110 1026 3188 lapillos
1166 3118 1195 3169 80

209 3192 253 3253 Sit
275 3193 352 3268 licet,
375 3196 442 3268 boc,
459 3195 606 3269 Cerintbe,
631 3206 682 3257 tuo
699 3206 835 3257 tenerum
851 3206 895 3255 est
910 3197 1005 3255 lemur
1020 3203 1070 3256 aut
1086 3212 1154 3255 crus

209 3277 340 3352 Rectius,
363 3290 451 3360 atque
474 3281 561 3342 etiam
584 3282 688 3342 melius
711 3299 853 3360 persaepe
876 3289 991 3358 togatae
1014 3287 1067 3340 est.

209 3364 291 3424 adde
313 3365 372 3426 buc
395 3367 475 3444 quod
497 3386 625 3428 mercem
648 3368 712 3427 sine
735 3366 809 3426 fucis
832 3375 935 3445 gestat,
959 3374 1058 3443 aperte

210 3447 297 3519 Quod
321 3451 423 3512 venale
446 3451 534 3512 babet
557 3452 686 3512 ostendit
709 3471 774 3525 nec,
797 3451 894 3528 siquid
917 3449 1032 3510 bonesti
1056 3456 1111 3520 est,

211 3701 230 3752 11
248 3718 272 3753 o.
291 3707 321 3754 51
342 3703 488 3755 munificum
505 3703 557 3770 163
576 3707 711 3769 peccesne]
730 3707 776 3768 tol:
800 3717 924 3769 peccesne
940 3702 943 3767 Ι
960 3704 992 3753 64
1011 3701 1112 3764 genere]
1132 3714 1155 3749 o.
1173 3699 1197 3748 d.

124 3776 197 3824 misc.
213 3773 313 3823 obacro.
325 3771 345 3821 ll
358 3775 441 3823 Amet.
464 3775 527 3824 1733
544 3789 570 3837 p.
588 3774 673 3836 88sq.,
692 3776 721 3821 ln
740 3773 811 3836 quod
829 3773 926 3835 etipse
944 3768 1029 3818 incidi
1046 3768 1148 3831 (genere
1167 3781 1197 3816 55

125 3842 203 3894 miser
221 3839 356 3891 Linlrcrur
380 3857 443 3891 ann.
464 3842 531 3904 pbil.
556 3843 597 3903 91,
621 3842 754 3904 lddsqqd:
783 3855 861 3904 gener
878 3854 892 3887 u
911 3852 1004 3902 genero
1023 3834 1194 3901 Mctnelro'ual

127 3910 159 3963 118
176 3907 290 3961 55555555
308 3907 344 3976 (v)
359 3912 363 3974 l
380 3911 411 3961 78
432 3909 523 3960 sectori
542 3917 670 3960 matronas
685 3909 690 3973 Ι
706 3910 735 3960 81
758 3911 810 3970 555]
830 3908 876 3970 tul:
896 3905 1034 3971 55555182
1054 3908 1094 3954 est
1112 3919 1162 3954 om.
