2640 4372
122 238 163 295 56
505 237 677 289 chamutum
695 238 767 290 1114.
788 242 810 289 5.

181 421 211 471 65
254 409 304 470 Vis
326 409 431 469 consili
454 426 558 487 expers
581 408 658 468 mole
680 408 742 469 ruit
763 427 825 482 sua,

253 494 316 553 Vim
339 503 528 572 temperatam
552 492 580 552 di
603 512 723 571 quoque
747 494 915 571 provehunt

300 578 333 638 ln
358 579 465 650 maius;
489 578 565 638 idem
589 578 678 637 odere
701 579 768 638 viris

352 664 448 723 Omne
471 663 553 722 nelas
575 663 673 722 animo
696 663 849 724 moventis.

256 781 351 842 Testis
374 798 505 840 mearum
528 781 714 841 centimanus
736 780 812 859 Gyas

184 879 213 928 to
257 866 487 938 Sententiarum,
512 873 600 926 notus
623 874 652 925 et
674 866 806 943 integrae

302 951 474 1029 Temptator
499 949 591 1010 Orion
616 951 733 1020 Dianae,

356 1035 491 1113 Virginea
515 1035 643 1095 domitus
665 1035 777 1113 sagitta.

258 1153 369 1214 Iniecta
392 1153 533 1213 monstris
556 1152 647 1212 Terra
670 1153 748 1212 dolet
770 1153 830 1213 suis

256 1239 425 1315 Maeretque
448 1246 550 1316 partus
573 1237 695 1297 lulmine
717 1237 843 1297 luridum

186 1334 215 1385 '15
301 1322 404 1382 Missos
426 1322 461 1381 ad
486 1322 607 1394 Orcum,
632 1340 687 1382 neo
709 1321 825 1400 peredit

352 1406 522 1485 impositam
546 1407 626 1467 celer
648 1407 724 1484 ignis
747 1409 880 1479 Aetnam,

258 1524 476 1585 lnoontinentis
500 1543 554 1584 neo
577 1524 652 1603 Tityi
676 1525 758 1584 iecur

260 1609 390 1687 Reliquit
412 1609 481 1683 ales,
504 1609 652 1686 nequitiae
675 1609 789 1670 additus

305 1693 419 1766 Custos,
442 1702 600 1753 amatorem
624 1704 775 1754 trecentae

186 1790 218 1842 80
349 1778 514 1838 Pirithoum
537 1778 678 1839 cohibent
699 1789 829 1839 catenae.

654 2028 676 2086 V

260 2131 346 2194 Caelo
368 2140 521 2191 tonantem
544 2129 721 2190 credidimus
744 2128 840 2189 lovem

258 2217 403 2292 Regnare,
427 2234 568 2294 praesens
590 2214 673 2273 divus
695 2213 851 2274 habebitur

306 2303 456 2379 Augustus
478 2298 599 2360 adiectis
622 2298 771 2358 Britannis

357 2385 485 2464 lmperio
508 2384 704 2463 gravibusque
728 2381 832 2444 Persis.

204 2516 219 2565 5
262 2503 383 2564 Milesne
407 2503 502 2564 Crassi
526 2501 652 2580 coniuge
674 2501 796 2561 barbara

261 2589 369 2669 Turpis
391 2590 513 2649 maritus
535 2587 604 2647 vixit
626 2597 656 2646 et
676 2586 805 2646 bostium

285 2708 298 2718 -
323 2674 379 2733 Pro
403 2673 484 2734 curia
507 2672 674 2749 inversique
697 2670 810 2731 moresl
834 2703 847 2714 -

358 2758 521 2820 Consenuit
543 2775 714 2818 socerorum
738 2755 768 2815 in
792 2755 889 2827 armis,

262 2876 324 2935 Sub
347 2894 417 2954 rege
439 2876 524 2935 Medo
547 2875 661 2934 Marsus
684 2883 713 2933 et
736 2875 857 2951 Apulus,

189 2972 218 3022 tt)
262 2960 443 3020 Anciliorum
467 2968 497 3018 et
512 2959 640 3018 nominis
663 2968 692 3017 et
714 2966 799 3034 togae

314 3043 429 3105 Oblitus
451 3051 648 3120 aeternaeque
672 3043 783 3114 Vestae,

361 3127 506 3188 lnoolumi
530 3127 597 3186 love
619 3136 649 3186 et
670 3127 744 3187 urbe
769 3123 883 3187 Romal

264 3247 328 3307 lloc
351 3255 466 3306 caverat
488 3262 571 3306 mens
594 3245 713 3324 provida
736 3245 840 3322 Reguli

267 3330 473 3392 Dissentientis
497 3330 721 3391 condicionibus

195 3428 222 3477 15
309 3415 415 3475 Foedis
438 3425 467 3475 et
489 3416 622 3494 exemplo
645 3415 772 3475 trahenti

363 3500 527 3560 Perniciem
549 3500 669 3561 veniens
692 3500 722 3559 in
746 3518 858 3571 aevum,

221 3632 254 3684 lv
273 3649 297 3684 o.
317 3636 437 3697 [ott-72]
456 3634 479 3682 H
497 3631 531 3693 cs.
551 3648 638 3698 opusc.
651 3632 680 3683 lll
694 3636 782 3697 5dsq.,
800 3633 847 3682 ubi
865 3633 945 3681 etiam
962 3647 985 3681 o.
999 3631 1100 3681 ‘tr—80
1113 3630 1210 3678 eicien-

137 3704 185 3753 dos
202 3718 256 3781 esea
271 3706 332 3781 port
349 3703 415 3752 alios
438 3707 523 3752 censat
538 3699 542 3768 Ι
559 3702 590 3752 69
603 3700 672 3768 Gyas
684 3703 737 3764 (ull
755 3700 901 3750 Lambinus
914 3695 948 3759 rs.
961 3697 980 3748 ll
996 3701 1034 3760 ll,
1050 3700 1094 3748 tt:
1112 3697 1203 3761 gigasl

137 3773 169 3822 78
187 3770 338 3889 relqrqqrtm
356 3840 433 3903 priua
451 3840 477 3886 et
495 3852 544 3887 om.
561 3836 564 3894 l
590 3838 619 3888 15
638 3835 747 3902 exempli
768 3834 891 3887 trahentis
909 3833 995 3884 Bentl.
1017 3832 1021 3900 Ι
1046 3832 1154 3883 trahenti
1173 3833 1211 3894 (a)

141 3905 213 3956 dart.
234 3905 364 3956 Craterus
381 3921 441 3956 noo.
461 3905 518 3954 lect.
537 3903 580 3955 Vll
598 3906 630 3956 30
649 3903 736 3968 (Grut.
754 3902 869 3968 lampad.
887 3900 916 3952 lll
935 3901 1007 3964 680):
1029 3900 1151 3952 trahentis
