2640 4372
506 204 547 257 llll
565 203 653 258 ARTE
671 203 820 258 pourton.
891 217 893 222 ’
1136 201 1199 263 229

210 378 362 438 Interdum
386 389 484 439 tamen
508 390 538 438 et
559 395 662 438 vocem
685 378 837 439 comoedia
861 378 945 451 toltit,

211 463 366 541 lratusque
391 464 530 525 Chremes
553 463 665 524 tumido
689 463 828 542 delitigat*
842 481 910 544 ore3

211 547 249 607 Et
271 550 403 626 tragicus
426 549 601 628 plerumque
625 548 704 608 dolet
725 566 862 609 sermone
884 547 1023 626 pedestri,
1172 561 1202 611 90

210 632 358 712 Telephus
384 642 413 693 et
437 633 541 693 Peleus
564 651 631 692 curn
654 651 768 712 pauper
790 642 819 693 et
841 633 924 693 exsul
947 642 1073 713 uterque

211 718 321 778 Proicit
343 718 487 798 ampullas
508 728 538 778 et
560 718 775 798 sesquipedalia
797 718 894 789 verba,

211 802 241 862 Si
264 812 349 863 curat
370 822 424 864 cor
445 803 606 882 spectantis
628 804 759 882 tetigisse
783 802 923 882 querella.
946 837 987 848 -

211 888 277 948 Non
300 888 369 950 satis
391 900 436 950 est
457 889 580 967 pulchra
604 907 667 950 esse
690 898 832 968 poemata,
855 888 949 949 dulcia
972 898 1061 949 sunto

212 972 248 1032 Et
271 991 460 1053 quocumque
481 974 582 1034 volent
604 975 735 1034 animum
760 974 901 1035 auditoris
923 982 1044 1052 agunto.

213 1057 250 1117 Ut
272 1059 436 1120 ridentibus
459 1059 601 1130 arrident,
624 1059 664 1119 ita
685 1059 825 1119 [lentibus
848 1059 957 1119 addent

211 1142 338 1204 Humani
362 1144 469 1205 voltus:
494 1145 518 1204 si
540 1144 583 1204 vis
605 1163 652 1204 me
675 1139 756 1218 llere,
779 1144 939 1205 dolendum
962 1153 1005 1205 est

212 1228 343 1288 Primum
365 1229 422 1308 ipsi
443 1229 505 1300 tibi,
529 1238 593 1289 tum
616 1239 666 1289 tua
689 1248 735 1289 me
759 1229 921 1289 infortunia
944 1229 1072 1303 laedent,

210 1312 340 1392 Telephe
364 1314 409 1374 vel
433 1314 538 1387 Paleu;
560 1314 635 1374 male
658 1315 682 1375 si
705 1315 842 1374 mandata
865 1314 1006 1392 loqueris,

211 1399 269 1458 Aut
291 1398 457 1459 dormitabo
481 1407 531 1459 aut
552 1399 664 1459 ridebo.
710 1399 815 1460 Tristia
838 1408 982 1460 maestum
1157 1407 1200 1460 100

211 1483 328 1543 Voltum
350 1483 439 1544 verba
462 1484 578 1557 decent,
601 1485 708 1544 iratum
732 1485 819 1564 plena
842 1485 1000 1557 minarum,

210 1568 378 1629 Ludentem
401 1569 514 1641 lasciva,
538 1588 671 1630 severum
695 1569 770 1630 seria
793 1570 888 1629 dictu:

211 1653 332 1714 Format
354 1654 432 1714 enim
458 1662 563 1714 natura
585 1655 668 1732 prius
691 1673 747 1714 nos
768 1655 849 1714 intus
872 1655 906 1714 ad
931 1672 1050 1714 omnem

212 1738 411 1799 Fortunarum
435 1739 579 1810 habitum,
602 1739 680 1799 iuvat
702 1748 751 1799 aut
774 1739 897 1818 impellit
919 1741 956 1800 ad
977 1740 1061 1813 iram,

212 1823 271 1883 Aut
292 1823 327 1882 ad
350 1825 472 1884 humum
496 1841 630 1884 maerore
653 1824 732 1903 gravi
755 1824 874 1885 deducit
896 1833 925 1886 et
947 1823 1037 1902 angit,

212 1908 283 1969 Post
305 1909 390 1969 eliert
413 1908 503 1969 animi
525 1917 624 1970 motus
646 1909 808 1989 interprete
830 1910 947 1993 lingua;

212 1993 242 2053 Si
265 1993 391 2055 dicentis
413 2002 502 2054 eruut
523 1995 653 2056 fortunis
674 1995 784 2056 absona
806 1994 893 2068 dicta,

212 2079 336 2139 Romani
359 2080 465 2139 tollent
487 2081 602 2157 equitas
623 2080 796 2159 peditesque
820 2080 1009 2141 cachinnum.

211 2163 350 2224 lutererit
371 2164 506 2236 multum,
530 2165 652 2226 divusna
676 2166 815 2244 loquatur
837 2183 874 2226 an
899 2166 997 2237 heros,

211 2249 382 2310 Maturusne
405 2268 496 2311 senex
518 2269 556 2310 an
580 2250 675 2311 adhuc
698 2251 824 2311 llorente
848 2251 966 2311 iuventa

211 2334 361 2406 Fervidus
385 2343 414 2394 et
436 2343 570 2395 matrona
593 2345 700 2414 poteus
722 2353 759 2395 au
783 2335 883 2395 sedula
907 2335 1017 2407 nutrix,

211 2418 397 2478 Mercatorne
419 2436 509 2496 vagus
532 2418 669 2479 cultorne
691 2419 813 2478 virentis
836 2419 931 2496 agelli,

212 2503 339 2564 Colchus
361 2521 399 2562 an
422 2503 568 2582 Assyrius,
591 2503 699 2564 Thebis
722 2503 853 2564 nutritus
875 2522 911 2562 an
936 2503 1030 2581 Argis.
1054 2538 1095 2547 -

211 2589 269 2647 dut
291 2589 396 2659 lamam
420 2605 545 2665 sequere
568 2596 618 2647 aut
639 2587 695 2648 sibi
719 2587 924 2648 convenientia
947 2589 1026 2666 finge

213 2672 356 2751 Scriptor.
401 2671 587 2733 Honoratum
610 2673 635 2734 si
657 2675 733 2733 lorte
755 2672 878 2750 reponis
899 2673 1056 2733 Achillem:

212 2758 351 2837 Impiger,
374 2757 544 2829 iracundus,
567 2757 766 2831 inexorabilis,
790 2775 866 2830 acer,

210 2843 277 2903 lura
299 2853 388 2918 neget
411 2843 466 2904 sihi
490 2851 568 2915 nata,
592 2844 664 2904 nihil
687 2863 749 2904 non
773 2843 896 2922 adroget
917 2842 1022 2916 armis;

213 2928 256 2988 Sit
278 2927 379 2988 Medea
402 2929 485 2988 ferox
508 2928 685 3008 invictaque,
708 2928 813 2989 llebilis
835 2928 900 2998 luo,

214 3013 346 3073 Perfidus
368 3013 462 3085 Ixion,
486 3014 517 3074 lo
541 3031 621 3092 vaga,
644 3013 735 3075 tristis
757 3013 887 3075 Orestes.

212 3098 315 3176 Siquid
337 3098 526 3177 inexpertum
549 3117 672 3160 scaenae
695 3098 846 3160 conmittis
868 3107 897 3160 et
919 3098 1008 3159 audes
1159 3105 1201 3156 115

211 3183 372 3244 Personam
395 3185 522 3244 formare
545 3203 660 3258 novam,
683 3193 817 3245 servetur
838 3185 875 3244 ad
897 3185 987 3244 imum

213 3267 313 3338 Qualis
335 3267 371 3328 ab
395 3268 514 3348 incepto
538 3270 716 3348 processerit
737 3278 766 3329 et
790 3268 847 3329 sibi
869 3277 995 3331 constet.

211 3501 234 3534 0.
253 3486 285 3536 95
297 3501 354 3550 sqq.
371 3489 444 3535 recte
462 3485 590 3535 distinavit
608 3485 637 3537 V
642 3487 676 3550 (0.
695 3485 782 3536 Herm.
804 3488 843 3550 12,
857 3488 906 3540 189
917 3488 977 3551 aql:
996 3483 1108 3551 pedestri
1126 3484 1202 3536 Tele-

125 3551 192 3618 phus
210 3556 236 3604 et
248 3550 349 3613 Peleus,
367 3567 425 3604 cam
443 3554 499 3618 011
517 3555 564 3606 100
584 3553 694 3618 0010011
712 3556 758 3605 101
773 3553 878 3619 adflent]
896 3556 940 3618 (a),
958 3569 1038 3604 anon.
1055 3569 1091 3607 sc.
1107 3567 1200 3618 grona-

123 3622 239 3672 matiam
256 3622 431 3671 bibliothecae
448 3620 637 3686 Vigorniema's
655 3626 720 3672 teste
739 3622 870 3685 Bentleio,
896 3621 933 3674 M.
952 3623 1104 3682 Pictanus,
1129 3621 1163 3672 al.
1182 3636 1200 3670 a

61 3700 64 3704 ·
125 3687 245 3739 Bentleio
267 3688 359 3740 allati:
388 3688 483 3740 adllant
501 3691 536 3753 (a)
558 3688 652 3741 adsunt
676 3689 707 3758 (a.
727 3694 859 3756 assunt)o
884 3689 969 3741 adsint
985 3691 1015 3754 (s.
1028 3689 1117 3753 assint)
1136 3688 1195 3757 (cil

127 3757 174 3808 103
193 3756 274 3823 10001
292 3759 341 3810 114
363 3756 479 3809 daunsne
494 3758 498 3823 Ι
516 3760 563 3810 111
582 3757 713 3825 algentis!
731 3760 778 3810 119
790 3775 827 3824 sq.
846 3756 929 3823 linge,
948 3756 1061 3824 Scriptor
1078 3761 1104 3806 01
1121 3755 1199 3822 finge.

126 3822 242 3890 Scriptor
259 3825 292 3877 ul.
310 3826 314 3889 Ι
332 3827 380 3878 tto
392 3823 546 3877 idomeneum
565 3826 614 3888 001,
632 3828 658 3875 si
674 3823 748 3887 sorte
764 3829 858 3890 mavis,
877 3825 1052 3877 Homeriacum
1069 3827 1128 3887 (suo
1141 3827 1202 3876 iura

125 3893 175 3943 boo
191 3891 314 3958 praefert
331 3893 374 3957 01)
392 3893 480 3945 uenat.
