2640 4372
527 207 700 260 aluminum
718 210 727 261 1
746 214 769 262 l.
788 213 811 263 8.

263 385 372 462 Αρῑυω
390 382 467 442 dicet
481 383 564 460 equis
580 383 673 460 Argos
688 382 820 461 ditesque
836 385 987 464 Mycenas:
1034 372 1040 382 ⁸

304 467 351 527 Me
369 486 423 528 nec
439 476 496 527 tam
512 467 628 545 patiens
643 467 845 529 Lacedaemon
1134 480 1162 532 lo

262 552 323 613 Nec
337 561 397 612 tam
413 552 530 613 Larisae
546 553 692 630 percussit
707 572 827 632 campus
843 555 967 635 opimae,

305 637 398 708 Quam
415 636 520 698 domus
535 638 685 698 Albuneae
699 640 867 701 resonantis

262 721 300 782 m
314 741 457 802 praeceps
471 722 546 782 Anio
562 741 597 783 ac
611 723 737 784 Tiburni
753 724 836 786 lucus
852 733 881 785 et
896 725 952 785 urla

303 806 463 869 Mobilibus
478 809 608 886 pomaria
624 808 703 870 rivis.
718 845 760 854 -

261 892 352 953 Albus
367 903 400 954 ut
415 893 543 953 obscuro
559 895 691 971 deterget
707 893 806 953 nubila
823 894 904 953 caelo
1132 904 1161 954 ll

303 977 398 1057 Saepe
414 978 507 1038 Notus
524 993 621 1056 neque
637 978 763 1056 parturit
779 978 881 1038 imbris

260 1061 418 1140 Perpetuo,
435 1061 476 1123 sie
492 1072 523 1122 tu
540 1062 658 1142 sapiens
673 1063 759 1122 linire
775 1073 924 1124 memento

304 1146 463 1208 Tristitiam
479 1147 613 1225 vitaeque
628 1146 745 1208 labores

259 1231 347 1305 Molli,
363 1231 479 1305 Plance,
495 1251 588 1304 mero,
603 1251 655 1293 seu
671 1242 700 1293 te
716 1233 857 1311 fulgentia
873 1230 966 1309 signis

302 1316 401 1377 Castra
416 1326 520 1377 tenent
534 1336 586 1378 seu
603 1317 692 1378 densa
707 1317 822 1378 tenebit
1132 1328 1160 1378 m

258 1400 378 1462 Tiburis
393 1401 498 1461 umbra
513 1403 565 1461 tui.
609 1401 725 1463 Teucer
741 1402 887 1463 Salamina
900 1410 1074 1480 patremque

302 1484 375 1546 Cum
392 1486 516 1564 lugeret,
532 1495 629 1546 tamen
647 1486 704 1547 uda
719 1487 814 1567 Lyaeo

262 1569 410 1649 Tempora
426 1571 554 1649 populea
568 1572 664 1631 lertur
678 1572 804 1632 vinxisse
820 1589 942 1643 corona,

304 1654 352 1714 Sic
368 1655 461 1715 tristis
478 1656 589 1716 adlatus
605 1656 730 1716 amicos:

271 1738 336 1809 Quo
354 1758 409 1800 nos
425 1759 551 1818 cumque
567 1741 641 1800 leret
656 1741 760 1801 melior
776 1742 893 1802 lortuna
909 1749 1043 1820 parente,
1128 1751 1158 1801 25

302 1823 424 1898 ibimus,
441 1845 457 1884 o
473 1825 546 1886 socii
562 1825 760 1904 comitesquel

262 1908 307 1968 Nil
324 1911 539 1989 desperandum
556 1910 671 1970 Teucro
686 1911 761 1972 duce
777 1921 806 1971 et
820 1910 939 1990 auspice
955 1910 1086 1971 Teucrol

299 1994 403 2056 Certus
419 1996 498 2055 enim
514 1995 650 2073 promisit
664 1996 778 2074 Apollo,

256 2079 429 2158 Ambiguam
446 2080 550 2140 tellure
566 2099 640 2140 nova
656 2080 801 2141 Salamina
816 2081 954 2141 futuram.

299 2163 322 2225 0
339 2159 437 2226 fortes
445 2166 604 2244 peioraque
620 2166 697 2244 passi
1130 2175 1159 2225 tt

258 2247 371 2310 Mecum
383 2253 475 2331 'saepe
490 2251 552 2323 viri,
569 2269 649 2311 nunc
665 2251 734 2311 vino
750 2249 848 2330 pellite
864 2267 959 2323 curas

301 2333 371 2395 Cras
393 2335 499 2412 ingens
514 2335 685 2396 iterabimus
701 2329 831 2413 aequor'

632 2586 696 2645 Vlll

258 2687 356 2766 Lydia,
372 2687 427 2761 dic,
443 2688 609 2767 peremnis

303 2772 344 2833 Te
360 2772 430 2834 deos
446 2791 507 2848 oro,
524 2773 648 2852 Sybarin
665 2792 719 2836 cur
733 2792 875 2853 properes
890 2773 1014 2834 amando

131 2890 334 2901 -ξ-

215 2954 258 3006 Vll
267 2960 313 3010 ν.9
324 2956 385 3009 dicit
400 2957 404 3025 Ι
421 2963 451 3011 11
462 2963 599 3025 perpetuos
614 2957 619 3024 1
634 2958 774 3011 261bimus.
785 2957 873 3011 Osocii
883 2958 1049 3024 comitesque,
1056 2957 1202 3023 A.ll'rigeil

129 3026 193 3074 etin
203 3024 242 3074 erl.
255 3039 337 3076 carm.
349 3031 375 3076 el
386 3027 459 3092 epod.
475 3033 499 3076 el
514 3029 543 3077 in
552 3027 685 3077 adnotall.
699 3029 736 3078 ed
743 3028 805 3078 Hor.
816 3042 896 3079 cerm.
908 3026 1016 3091 (Uprela
1027 3029 1199 3076 universitate

127 3089 256 3152 irrrlrisl
273 3094 349 3157 1888)
363 3110 392 3159 p.
411 3096 425 3146 6
450 3097 454 3157 Ι
478 3097 509 3147 21
531 3096 641 3160 auspice.
659 3097 702 3157 (r.;
721 3113 741 3147 r.
749 3093 767 3162 ι)
785 3093 884 3146 Teucro
907 3099 991 3146 certus
1009 3095 1044 3145 al.
1062 3094 1143 3157 (velet
1159 3095 1198 3145 lo.

128 3160 269 3221 Schrader,
280 3160 674 3230 Tb.Berglropurc.pbil.l669)l
685 3161 1000 3215 TeucrianoeboBenll.
1016 3163 1021 3227 Ι
1036 3161 1195 3227 29llmbigua

128 3227 219 3279 tellure
237 3243 330 3279 novam
343 3228 470 3282 Salamina
489 3231 599 3282 futuram
617 3232 649 3283 A.
664 3232 802 3282 Lolmann
820 3232 851 3282 de
862 3232 924 3282 Iove
935 3231 1043 3280 Homeri
1056 3234 1082 3279 el
1093 3229 1195 3293 Sopita-

128 3296 176 3346 ele‘s
194 3295 256 3348 diss.
268 3297 356 3349 Berol.
371 3300 435 3350 1863
454 3301 517 3350 lber.
537 3301 565 3358 6;
584 3298 613 3350 lt.
628 3299 779 3350 Volkmann
796 3302 936 3350 observati.
953 3297 1086 3348 miscellae
1099 3312 1195 3363 progr.

128 3365 215 3415 lavor.
234 3380 258 3414 a.
279 3366 344 3418 1872
360 3381 387 3429 p.
407 3368 481 3450 Sap,
501 3383 568 3431 qnae
586 3370 740 3418 coniectura
757 3370 950 3433 speciosissima
969 3368 1110 3430 quominus
1127 3367 1195 3416 reci-

125 3434 221 3498 piatur
241 3425 318 3483 ‘vera
345 3431 457 3490 Salamis,
490 3435 563 3500 apud
579 3435 722 3486 Manilium
741 3434 760 3484 11
780 3439 827 3500 50,
852 3436 990 3486 Lucanum
1007 3433 1037 3484 111
1057 3435 1114 3496 183,
1133 3432 1193 3484 Sen.

130 3499 227 3550 Troad.
245 3516 269 3551 o.
289 3502 339 3552 844
364 3504 464 3564 obstat,
491 3505 536 3553 cui
562 3504 679 3568 ambigua
709 3503 817 3555 Salamis
840 3505 999 3568 νμρννιίὶνιν,Ι
1021 3518 1070 3566 per
1096 3517 1123 3550 se
1141 3515 1194 3551 am-

128 3568 204 3633 bigua
223 3567 300 3619 tellus
318 3570 391 3634 apud
409 3571 550 3621 Horatium
572 3588 636 3621 sane
654 3587 707 3622 non
727 3569 873 3640 offenderet
890 3570 948 3621 cell.
967 3586 990 3620 v.
1009 3572 1050 3630 25,
1069 3572 1115 3632 qui
1133 3584 1193 3618 oro·
1240 3622 1244 3629 ,

127 3636 183 3686 culi
201 3641 272 3686 certe
289 3642 405 3687 naturae
421 3639 514 3688 mellus
531 3641 671 3704 respondet
689 3656 768 3704 qnam
786 3641 879 3703 Eurip.
890 3638 945 3690 Hel.
963 3655 988 3688 υ.
1008 3639 1056 3689 148
1067 3652 1122 3700 sqq.
1147 3635 1194 3685 Eis

125 3703 178 3774 γῆν
195 3700 307 3754 ἐναλίαν
325 3701 445 3772 Κύπρον,
464 3692 495 3756 οὗ
512 3702 545 3772 μ’
560 3707 709 3759 ἐθέσπισεν
724 3706 812 3759 Οἰκεῖν
828 3702 976 3767 Ἀπόλλων,
995 3699 1082 3767 ὄνομα
1094 3719 1192 3764 vneror·

126 3766 206 3824 τινὸν
224 3769 368 3837 Σαλαμῖνα
386 3773 507 3840 θέμενον
524 3776 570 3839 τῆς
587 3777 641 3826 ἐκεῖ
657 3773 738 3843 χάριν
755 3770 872 3842 πάτρας,
896 3776 944 3824 ubi
961 3775 1020 3838 ipsa
1039 3771 1142 3837 Cyprea
1160 3773 1193 3821 ab

126 3840 250 3906 Apolline
267 3841 385 3893 indicula
403 3859 457 3893 erse
474 3844 575 3894 dieitur

213 3907 264 3958 Vlll
286 3924 308 3959 v.
330 3910 345 3960 2
364 3910 413 3962 boc
431 3910 492 3962 deos
511 3926 556 3963 oro
575 3913 610 3976 (a)
627 3911 676 3962 boc
693 3909 756 3963 deos
775 3925 833 3962 uere
852 3911 886 3973 (ol
901 3908 905 3973 Ι
922 3919 1042 3972 properas
