2640 4372
387 202 616 256 avrsrumnuu
634 205 644 255 r
663 207 703 259 m.
724 207 763 260 13.
938 169 944 191 '
1054 207 1113 265 199

126 377 248 438 Divitiae
270 384 411 455 poterunt
433 375 546 454 regales
568 376 675 438 addere
698 378 800 438 maius.

127 462 158 522 Si
179 463 257 524 forte
279 462 309 522 in
332 461 427 521 medio
450 461 616 540 positorum
639 462 798 523 abstemius
820 463 921 525 herbis

127 545 205 608 Vivis
227 555 256 608 et
278 546 380 620 urtica,
403 546 445 607 sic
467 546 544 607 vives
565 550 711 626 protinus,
735 557 767 608 ut
789 557 818 606 te

128 631 289 693 Confestim
312 630 441 710 liquidus
464 630 613 692 Fortunae
637 632 716 692 rivus
739 632 865 704 inauret,

126 716 178 778 Vel
200 716 268 796 quia
293 726 426 777 naturam
448 726 562 777 mutare
583 718 709 796 pecunia
733 717 828 778 noscit
1087 730 1114 780 to

125 801 178 863 Vel
200 802 268 882 quia
291 811 398 863 cuncta
420 811 506 880 putas
530 820 587 862 una
610 802 716 862 virtute
740 803 863 863 minora.
886 837 929 848 -

127 887 279 960 Miramur,
301 887 326 948 si
349 887 507 947 Democriti
530 905 621 967 pecus
644 887 704 947 edit
725 887 835 965 agellos

126 971 277 1050 Cultaque,
299 971 369 1031 dum
393 990 517 1052 peregre
540 981 585 1033 est
601 973 723 1043 ,animus
745 972 809 1032 sine
832 991 958 1051 corpore
980 975 1073 1040 velox.

127 1056 199 1119 Cum
224 1068 255 1117 tu
278 1056 355 1116 inter
376 1057 502 1117 scabiem
527 1067 637 1118 tantam
660 1067 689 1117 et
711 1058 846 1137 contagia
869 1057 942 1119 lucri

125 1143 173 1203 Nil
194 1159 316 1222 parvum
338 1142 435 1221 sapias
458 1152 486 1202 et
507 1141 602 1202 adhuc
625 1141 759 1203 sublimia
782 1161 882 1203 cures:
1087 1155 1114 1205 15

127 1227 208 1298 Quae
231 1244 310 1287 mare
332 1238 522 1306 compescant
545 1246 659 1300 causae,
683 1228 751 1305 quid
776 1237 921 1307 temperet
942 1248 1065 1303 annum,

127 1312 233 1374 Stellae
255 1321 362 1391 sponte
384 1330 436 1373 sua
458 1312 593 1374 iussaene
616 1323 761 1391 vagentur
783 1322 812 1372 et
835 1324 945 1386 errent,

128 1397 205 1469 Quid
226 1405 342 1476 premat
364 1397 523 1458 obscurum
546 1399 643 1470 lunae,
667 1399 735 1475 quid
759 1398 899 1477 proferat,
922 1399 1035 1468 orbem,

127 1481 203 1552 Quid
225 1481 294 1543 velit
316 1491 345 1543 et
367 1483 460 1561 possit
482 1501 582 1544 rernm
606 1483 764 1543 concordia
787 1481 909 1557 discors,

127 1566 321 1648 Empedocles
343 1585 380 1628 an
405 1568 578 1627 Stertinium
602 1567 705 1627 deliret
727 1566 876 1628 acumen?
898 1604 939 1613 —
1087 1579 1115 1629 tu

125 1651 236 1714 Verum
258 1670 311 1713 seu
334 1652 423 1731 piscis
444 1670 496 1713 seu
519 1670 641 1732 porrum
664 1661 693 1712 et
715 1669 804 1730 caepe
826 1653 964 1724 trucidas,

125 1737 214 1799 Utere
236 1737 376 1816 Pompeio
400 1737 536 1816 Grospho
559 1747 588 1797 et
610 1736 707 1816 siquid
729 1746 810 1816 petet
834 1739 911 1799 ultro

126 1822 229 1898 lleler3
254 1822 294 1883 nil
317 1821 471 1900 Grosphus
494 1822 550 1882 nisi
571 1840 674 1883 verum
697 1821 794 1883 orabit
816 1831 845 1883 et
867 1841 1003 1901 aequum.

126 1906 196 1969 Vilis
218 1907 379 1967 amicorum
404 1915 448 1967 est
470 1925 598 1981 annona,
621 1906 708 1969 bonis
731 1907 782 1967 ubi
806 1908 877 1987 quid
900 1910 990 1971 deest.
1015 1942 1055 1952 -

125 1991 168 2052 Ne
190 2001 288 2053 tamen
312 1993 440 2070 ignores,
465 2011 523 2071 quo
546 1994 583 2054 sit
605 1993 737 2053 Romana
760 1993 826 2054 loco
850 2012 912 2055 res:
1085 2004 1114 2054 25

126 2075 272 2138 Cantaber
294 2078 450 2157 Agrippae,
474 2077 573 2139 Claudi
596 2079 702 2139 virtute
725 2077 852 2140 Neronis

126 2163 283 2223 hrmenius
306 2163 425 2239 cecidit3
448 2163 494 2224 ius
517 2164 733 2244 imperiumque
756 2164 895 2226 Phraates

127 2246 258 2309 Caesaris
280 2249 393 2328 accepit
414 2248 542 2326 genibus
564 2251 676 2323 minor;
700 2267 787 2309 aurea
811 2252 911 2329 lruges

118 2333 224 2394 'ltaliae
246 2332 334 2412 pleno
357 2332 493 2394 defundit
516 2333 604 2414 Copia
628 2352 732 2394 cornu.

541 2616 608 2678 Xlll

126 2737 162 2797 Vt
183 2738 420 2817 proficiscentem
444 2736 531 2797 docui
553 2746 582 2796 te
605 2754 692 2815 saepe
715 2736 834 2815 diuque,

126 2823 259 2901 Augusto
282 2823 386 2883 reddes
408 2821 520 2901 signata
543 2822 701 2896 volumina,
725 2821 801 2896 Vini,

127 2907 155 2967 si
178 2907 299 2982 validus,
322 2908 346 2968 si
369 2908 461 2967 laetus
483 2908 548 2979 crit,
571 2908 594 2968 si
617 2907 747 2985 denique
770 2915 886 2986 poscet;

125 2991 168 3052 Ne
190 2993 287 3055 studio
312 2993 406 3053 nostri
428 3011 534 3071 pecces
556 2991 715 3071 odiumque
738 2992 844 3054 libellis

126 3076 252 3139 Sedulus
274 3078 416 3156 importes
439 3096 528 3157 opera
550 3087 685 3138 remonte
710 3077 851 3138 minister.

126 3161 157 3221 Si
179 3171 207 3223 te
230 3163 305 3223 sorte
329 3182 410 3224 meae
432 3164 528 3240 gravis
549 3171 616 3223 uret
637 3163 752 3224 sarcina
774 3163 901 3236 chartae,

128 3247 242 3309 hhicito
265 3248 475 3327 potiusquam
498 3266 557 3325 quo
581 3248 714 3327 perferre
737 3249 848 3310 iuberis

127 3332 253 3394 Clitellas
275 3334 356 3394 ferus
377 3334 524 3412 impingas
546 3332 712 3411 Asinaeque
735 3342 889 3411 paternum

127 3417 298 3497 Cognomen
321 3428 418 3479 vertas
441 3419 471 3478 in
495 3418 586 3477 risum
610 3427 639 3477 et
660 3417 756 3477 tabula
779 3419 839 3479 fias.

125 3502 243 3564 Viribus
266 3504 357 3564 uteris
380 3521 433 3582 per
456 3503 554 3575 clivos,
577 3502 709 3575 flumina,
732 3502 836 3576 lamas3

124 3588 226 3650 Victor
247 3588 391 3668 propositi
414 3588 501 3650 simul
523 3606 557 3648 ac
579 3587 750 3667 perveneris
773 3589 851 3660 illuc,

127 3824 168 3875 llll
186 3841 211 3877 o.
230 3826 262 3876 29
281 3821 379 3874 deludit
396 3838 411 3872 o
430 3820 553 3874 defundet
571 3823 630 3873 H-P
644 3838 738 3874 mrtem.
758 3838 784 3874 o.
803 3841 823 3872 s.
847 3825 883 3883 14,
903 3823 954 3873 309

128 3893 181 3944 lllll
197 3909 222 3944 o.
241 3895 256 3943 2
274 3891 342 3954 Vini]
361 3892 395 3955 (a)
419 3889 583 3955 Torrentius,
602 3907 657 3956 ug.:
677 3890 748 3942 uinni
