2640 4372
517 231 689 285 CARMlNUM
706 233 736 286 lll
753 237 776 286 6.
796 237 818 285 7.

261 404 318 464 Sed
342 406 419 465 iussa
443 421 541 464 coram
566 423 626 463 non
649 404 713 464 sine
736 407 855 467 conscio

260 491 358 569 Surgit
380 490 495 561 marito,
518 506 570 549 seu
591 497 675 549 vocat
696 489 814 550 institor

303 575 361 634 Seu
384 574 465 634 navis
487 573 633 652 Hispanae
657 575 802 651 magister,

356 659 539 720 Dedecorum
562 658 710 736 pretiosus
732 669 856 738 emptor.
877 696 919 706 -

259 776 324 837 Non
348 777 393 837 his
415 777 552 837 iuventus
575 787 638 836 orta
661 777 834 855 parentibus

259 861 366 922 Infecit
387 880 499 940 aequor
521 863 666 940 sauguine
689 862 802 922 Punico

302 947 506 1026 Pyrrhumque
529 948 729 1025 et'ingeutem
754 948 859 1007 cecidit

356 1031 533 1091 Antiochum
558 1031 813 1110 Hannibalemque
836 1033 941 1098 dirum,

259 1149 314 1209 Sed
338 1150 515 1210 rusticorum
540 1151 666 1211 mascula
689 1150 813 1210 militum

258 1233 369 1304 Proles,
392 1233 515 1294 Sabellis
537 1235 621 1295 docta
645 1235 793 1313 ligonibus

306 1319 428 1379 Versare
450 1319 568 1397 glaebas
590 1331 620 1380 et
641 1337 758 1380 severae

343 1404 443 1463 Matris
465 1404 499 1464 ad
522 1403 676 1465 arbitrium
699 1405 809 1465 recisos

258 1520 379 1580 Portare
402 1523 496 1592 iustis,
519 1522 563 1581 sol
586 1521 636 1581 ubi
658 1522 804 1581 montium

257 1604 385 1664 Mutaret
405 1605 526 1665 umbras
548 1615 577 1665 et
599 1607 664 1684 iuga
688 1607 819 1666 demeret

306 1689 405 1749 Bubus
428 1690 554 1768 fatigatis
576 1692 701 1750 amicum

355 1773 484 1853 Tempus
506 1792 597 1852 ageos
619 1775 748 1835 abeunte
772 1793 871 1835 curru.
896 1809 935 1818 -

258 1892 402 1953 Damnosa
427 1893 495 1971 quid
519 1913 579 1954 non
602 1893 741 1953 inminuit
763 1891 846 1954 diesi

257 1977 343 2037 Aetas
366 1986 520 2056 parentum
545 1980 629 2058 peior
651 1978 710 2038 aris
732 1979 799 2038 tulit

298 2062 357 2123 Nos
380 2063 547 2140 nequiores,
571 2064 781 2123 mandaturos

353 2148 527 2226 Progeniem
551 2149 738 2209 vitiosiorem.

633 2466 683 2525 Vll

256 2583 331 2652 Ouid
354 2584 417 2656 fles,
441 2583 564 2656 Asterie,
588 2600 676 2660 quem
699 2582 752 2642 tibi
775 2583 892 2643 candidi

256 2667 354 2727 Primo
379 2658 536 2728 restituent
557 2685 625 2727 rere
648 2667 767 2727 Favonii

301 2752 402 2831 Thyna
426 2770 523 2812 meroe
546 2751 674 2825 beatum,

350 2836 519 2899 Constantis
539 2837 674 2898 iuvenem
697 2837 764 2910 lide,

254 2954 376 3036 Gygen?
419 2957 470 3017 llle
493 2957 576 3017 Notis
598 2966 680 3017 actus
702 2958 736 3017 ad
761 2956 881 3017 Oricum

253 3039 322 3102 Post
344 3042 447 3103 insana
472 3041 581 3120 Caprae
604 3043 699 3103 sidera
722 3042 841 3120 frigidas

299 3127 407 3188 Noctes
429 3146 491 3187 non
514 3127 578 3187 siue
601 3127 700 3188 multis

350 3211 497 3272 lnsomnis
518 3211 646 3272 lacrimis
668 3212 736 3290 agit.

252 3328 340 3404 Atqui
363 3329 503 3391 sollicitae
526 3329 649 3389 nuntius
671 3328 814 3407 hospitae,

252 3411 407 3491 Suspirare
430 3413 540 3474 Chloen
565 3423 594 3473 et
616 3413 752 3473 miseram
776 3412 834 3472 tuis

296 3497 405 3560 Dicens
428 3497 546 3575 ignibus
568 3498 623 3570 uri,

347 3584 484 3662 Temptat
504 3581 583 3642 mille
605 3583 685 3642 valer
706 3582 809 3643 modis.

208 3833 240 3885 Vl
260 3854 281 3887 υ.
300 3840 333 3889 36
351 3836 440 3888 durum
459 3836 493 3899 (a)
509 3836 513 3895 Ι
529 3836 562 3884 44
580 3836 655 3883 nocte
673 3834 756 3883 Prisc.
775 3831 818 3882 Vll
838 3833 852 3896 ξ
873 3831 904 3880 82

209 3900 250 3953 Vll
269 3921 293 3956 υ.
313 3909 330 3956 4
347 3904 407 3966 fide]
426 3905 474 3969 lot:
493 3902 554 3954 fidei
