2640 4372
124 203 185 263 208
502 201 732 255 EPISTULARUM
749 203 759 254 l
779 205 818 256 18.

208 378 300 452 Zethi,
323 377 457 451 dissiluit,
480 377 575 437 donec
597 386 734 455 suspecta
756 394 857 436 severo

210 462 359 523 Conticuit
381 463 451 542 lyra.
497 461 648 522 Fraternis
670 461 792 522 cessisse
814 471 936 538 putatur

211 548 342 609 llorihus
364 547 528 627 Amphion:
551 556 583 607 tu
607 547 678 606 cede
701 546 831 626 potentis
853 547 939 607 amici

125 644 155 694 45
211 632 344 694 Lenibus
366 632 498 712 imperiis
520 632 719 711 quotiensque
742 632 845 693 educet
866 632 895 691 in
920 649 1008 710 agros

211 718 331 779 Aetoliis
354 728 474 779 onerata
496 716 589 796 plagis
612 717 741 777 iumenta
764 717 912 794 canisque,

213 803 307 881 Surge
330 813 359 863 et
381 804 559 864 inhumanae
581 802 697 862 senium
720 801 836 881 depone
859 802 1014 875 Camenae,

214 886 307 949 Cenes
330 897 362 948 ut
384 889 494 967 pariter
516 888 668 967 pulmenta
691 887 842 948 laboribus
864 898 979 966 empta:

212 972 353 1034 Romanis
375 972 518 1034 sollemne
540 973 609 1032 viris
632 991 717 1051 opus,
740 972 810 1032 utile
832 973 925 1032 lamae

212 1057 353 1137 Vitaeque
376 1069 405 1119 et
427 1057 576 1130 membris,
598 1057 772 1136 praesertim
795 1076 862 1117 cum
884 1059 979 1118 valeas
1002 1069 1032 1120 et

213 1143 265 1203 Vel
288 1163 376 1204 cursu
401 1161 541 1223 superare
563 1161 667 1203 canem
690 1142 735 1202 vel
759 1141 869 1203 viribus
891 1161 995 1222 aprum

214 1229 321 1290 Possis.
365 1228 445 1288 Adde
469 1228 559 1288 virilia
583 1228 661 1306 quod
683 1227 845 1306 speciosius
868 1246 947 1288 arma

214 1313 279 1374 Non
304 1324 348 1375 est
370 1315 420 1393 qni
443 1323 566 1387 tractet;
589 1313 656 1384 scis,
680 1331 738 1390 quo
762 1312 890 1374 clamore
913 1331 1043 1375 coronae

215 1398 329 1458 Proelia
351 1399 498 1460 sustineas
521 1397 708 1478 campestria3
732 1396 860 1476 denique
882 1417 996 1465 saevam

215 1483 344 1544 Militiam
369 1503 443 1563 puer
466 1494 495 1546 et
517 1483 689 1544 Cantabrica
712 1481 787 1542 bella
809 1483 900 1544 tulisti

215 1567 276 1628 Sub
299 1570 384 1640 duce,
408 1569 458 1649 qui
481 1569 598 1647 templis
620 1568 796 1628 Parthorum
818 1569 902 1646 signa
925 1570 1023 1648 religit

215 1654 301 1714 Nunc
324 1665 361 1730 et,
385 1655 481 1733 siquid
505 1654 597 1728 abest,
621 1652 698 1714 ltalis
721 1653 867 1714 adiudicat
888 1655 987 1715 armis.

215 1742 257 1798 Ac
280 1757 318 1800 ne
340 1750 370 1801 te
392 1741 524 1801 retrahas
547 1748 576 1800 ec
597 1737 804 1799 inexcusabilis
827 1738 914 1811 absis,

216 1823 353 1893 Quamvis
376 1826 418 1886 nil
441 1835 521 1887 extra
544 1842 701 1885 numerum
724 1823 828 1884 lecisse
851 1826 1030 1904 modumque

215 1907 315 1984 Caras,
338 1910 486 1971 interdum
511 1910 631 1988 nugaris
654 1927 723 1969 rure
746 1917 885 1987 paterno:

215 1994 344 2055 Partitur
366 1995 462 2056 lintris
485 1995 639 2069 exercitus,
662 1993 744 2054 Actia
767 2012 865 2072 pugna

217 2079 258 2138 Te
281 2080 356 2139 duce
378 2097 432 2158 per
454 2098 564 2159 pueros
586 2078 684 2139 hostili
707 2097 789 2139 more
812 2080 948 2151 refertur,

218 2164 406 2225 Adversarius
429 2173 473 2224 est
495 2166 592 2238 trater,
616 2163 696 2224 lacus
719 2164 837 2237 hadria,
859 2165 955 2226 donec

218 2248 399 2311 Alterutrum
422 2249 506 2310 velox
528 2248 656 2308 Victoria
678 2248 784 2309 fronde
808 2259 941 2310 coronet.

218 2334 393 2395 Consentire
416 2334 477 2395 suis
499 2333 602 2396 studiis
624 2333 674 2412 qui
698 2333 856 2395 crediderit
877 2345 916 2409 te,

218 2419 329 2481 Fautor
350 2429 478 2498 utroque
499 2429 583 2480 tuum
606 2418 736 2479 laudabit
757 2419 864 2498 pollice
887 2420 998 2482 ludum.
1023 2456 1064 2466 —

219 2505 359 2566 Protinus
381 2516 414 2566 ut
437 2523 573 2568 moneam
596 2537 610 2548 ·
633 2503 729 2582 siquid
753 2504 908 2566 monitoris
931 2524 1000 2584 eges
1023 2516 1054 2567 tu
1077 2542 1101 2581 ·,

219 2590 296 2660 Quid
319 2591 355 2651 de
378 2610 498 2669 quoque
520 2591 583 2651 viro
607 2599 635 2650 et
658 2589 705 2650 cui
728 2589 816 2664 dicas,
839 2609 926 2668 saepe
948 2591 1055 2652 videto.

220 2676 461 2736 Percontatorem
485 2677 594 2754 lugito;
619 2693 685 2735 nam
709 2675 844 2752 garrulus
866 2675 943 2735 idem
966 2684 1020 2750 est,

218 2761 279 2822 Nec
301 2763 433 2822 retinent
454 2762 570 2840 patulae
593 2760 740 2820 conmissa
761 2760 887 2820 lideliter
909 2778 996 2822 aures

220 2845 258 2905 Et
280 2846 370 2906 semel
393 2846 531 2906 emissum
554 2844 632 2904 volat
654 2845 850 2905 inrevocabile
873 2845 1003 2907 verbum.

221 2930 286 2991 Non
311 2931 414 2991 ancilla
438 2939 521 2991 tuum
545 2931 627 2990 iecur
649 2930 761 2991 ulceret
783 2929 841 2991 ulla
863 2949 974 3009 puerve

220 3015 300 3074 lotra
325 3034 522 3076 marmoreum
546 3015 706 3075 venerandi
729 3015 818 3076 limen
842 3015 937 3089 amici,

220 3100 264 3159 Ne
287 3101 424 3161 dominus
447 3102 532 3180 pueri
554 3100 671 3179 pulchri
693 3118 813 3161 caraeve
836 3101 952 3179 puellae

135 3196 149 3214 ³
222 3185 345 3246 Munere
369 3195 397 3246 tc
420 3204 509 3265 parvo
532 3186 600 3245 beet
623 3194 673 3245 aut
695 3186 902 3247 incommodus
924 3195 1022 3264 angat.

223 3269 344 3339 Qualem
369 3272 571 3344 commendes,
595 3271 681 3330 etiam
704 3280 791 3349 atque
814 3272 902 3332 etiam
925 3271 1057 3350 adspice,
1082 3291 1121 3333 ne
1143 3291 1205 3335 mor

224 3355 372 3415 locutiant
394 3357 488 3418 aliena
510 3356 562 3418 tibi
586 3365 705 3435 peccata
727 3357 881 3434 pudorem.

222 3440 362 3501 Fallimur
384 3453 413 3503 et
436 3442 585 3521 quondam
609 3461 669 3502 non
694 3441 816 3520 dignum
839 3442 997 3503 tradimus:
1022 3460 1092 3524 ergo

222 3524 318 3595 Quem
341 3545 392 3588 sua
416 3528 501 3608 culpa
525 3537 641 3607 premet
663 3527 804 3606 deceptus
827 3528 929 3588 omitte
951 3527 1036 3600 tueri,

136 3620 165 3671 80
221 3610 261 3671 Ut
282 3613 400 3691 penitus
424 3623 537 3684 notum,
561 3612 584 3672 si
607 3621 754 3691 temptent
776 3613 909 3685 crimina,
931 3631 1030 3673 serves

223 3829 334 3882 lllllllo.
345 3831 378 3881 lc
397 3826 494 3880 Aeoliis
505 3830 541 3892 (o)
556 3829 655 3881 Vlittur
673 3831 709 3882 ud
725 3831 808 3884 Grutt.
824 3832 928 3899 epoeg.
943 3847 967 3883 v.
987 3832 1019 3884 35
1035 3832 1039 3896 l
1056 3833 1088 3885 67
1106 3833 1138 3898 (si
1151 3833 1205 3901 quit

139 3898 271 3950 monitoris
290 3899 360 3964 eges)
379 3901 406 3949 tu
424 3895 473 3947 Ali
