2640 4372
498 216 669 270 GARllllNUlll
688 219 698 270 Ι
716 222 757 272 32.
777 220 817 271 33.

605 388 711 448 XXXII

254 507 417 567 Posoimur.
444 506 546 584 Siquid
563 508 646 567 vacui
662 507 716 568 sub
733 507 836 567 umbra

253 592 389 653 Lusimus
404 601 512 665 tecum,
529 593 607 669 quod
624 600 653 652 et
668 593 748 652 huno
763 592 793 652 in
810 609 921 653 annum

252 676 334 736 Vivat
350 685 379 736 et
394 676 495 755 pluris,
511 694 565 754 age
580 677 626 736 dic
642 676 790 749 Latinum,

329 761 458 832 Bnrbite‚
474 779 603 833 carmen,

253 894 360 956 Lesbio
376 897 502 975 primum
519 895 668 956 modulate
683 896 748 967 civi,

254 980 310 1050 Oui
327 981 410 1040 ferox
425 981 512 1054 bello,
528 989 626 1040 tamen
642 981 720 1041 inter
734 998 814 1040 arma

254 1063 320 1125 Sive
336 1066 470 1126 iactatam
488 1065 625 1143 religarat
638 1066 698 1125 udo

329 1149 428 1211 Litore
444 1151 550 1222 navim,

254 1284 394 1344 Liberum
411 1293 440 1344 et
454 1284 551 1345 Musas
567 1285 772 1363 Veneremque
788 1293 817 1344 et
832 1285 873 1344 illi

254 1368 377 1447 Semper
393 1370 564 1429 haerentem
580 1387 706 1447 puerum
723 1369 848 1429 canebat

255 1451 291 1512 Et
306 1453 419 1532 Lycum
435 1453 527 1531 nigris
544 1454 637 1514 oculis
654 1454 798 1532 nigroque

333 1537 421 1598 Crine
436 1538 586 1598 decorum.
603 1574 644 1582 -

257 1669 280 1729 0
298 1643 387 1732 decus
403 1671 514 1732 Phoebi
530 1674 560 1732 e't
574 1671 699 1749 dapibus
713 1671 844 1750 supremi

255 1753 341 1814 Grata
356 1755 472 1816 testudo
488 1756 572 1825 lovis,
588 1776 605 1815 o
622 1756 756 1816 laborum

254 1839 345 1901 Dulce
361 1840 587 1914 lenimen„mibi
603 1859 730 1918 cumque
746 1840 821 1902 salve

331 1925 396 1986 Rite
411 1926 542 1986 vocantil

601 2211 720 2271 XXXlll

254 2329 330 2399 Albi,
348 2347 385 2388 ne
400 2329 500 2389 doleas
515 2330 581 2408 plus
598 2330 689 2389 nimio
705 2347 818 2390 memor

255 2413 371 2472 lnmitis
386 2412 526 2492 Glycerae
542 2431 601 2472 neu
617 2413 790 2474 miserabilis

256 2496 399 2557 [locantes
415 2496 524 2572 elegos,
540 2514 594 2555 cur
608 2497 661 2556 tibi
676 2498 776 2556 iunior

335 2580 425 2639 laesa
441 2580 605 2657 praeniteat
619 2581 685 2640 fide.

257 2712 407 2792 Insignem
425 2713 507 2774 tenui
523 2714 621 2774 fronte
636 2714 779 2794 Lycorida

257 2797 322 2877 Cyri
338 2807 432 2859 torret
447 2816 537 2868 amor,
554 2797 646 2878 Cyrus
661 2800 691 2858 iu
708 2817 842 2877 asperam

254 2881 389 2944 Declinat
403 2883 552 2959 Pholoen;
568 2883 619 2944 sed
634 2884 718 2963 prius
733 2884 835 2963 Apulis

263 2998 271 3013 ·
333 2969 500 3048 Iungentur
514 2987 638 3047 capreae
652 2969 730 3048 lupis

256 3102 349 3173 Quam
366 3105 446 3183 turpi
462 3104 572 3164 Pholoe
588 3112 693 3183 peccet
707 3102 849 3165 adultero.

256 3187 305 3247 Sic
320 3189 415 3249 visum
430 3189 546 3259 Veneri,
563 3190 611 3249 oui
626 3188 723 3267 placet
738 3189 857 3268 imparis

255 3270 378 3332 Formas
392 3282 481 3350 atque
496 3273 610 3334 animos
626 3273 680 3334 sub
696 3273 763 3352 iuga
779 3292 870 3335 aenea

332 3357 424 3416 Saevo
440 3358 556 3417 mittere
572 3376 639 3419 cum
655 3357 731 3417 ioco.

213 3605 302 3658 XXXll
320 3624 343 3659 0.
364 3611 376 3659 1
397 3607 529 3659 Poscimus
544 3606 548 3675 Ι
564 3610 579 3660 3
592 3609 727 3673 virgulam
737 3613 798 3674 port
815 3608 894 3673 pluris
907 3625 958 3659 om.
970 3610 1005 3660 01.
1018 3612 1060 3671 t=
1073 3608 1198 3674 Por-pti}

130 3677 160 3728 15
179 3674 241 3725 mibi
260 3678 378 3741 cumque]
397 3673 432 3734 cs.
448 3675 476 3726 G.
488 3677 648 3726 Auteartetlr
667 3692 730 3729 ann.
747 3676 812 3741 phil.
830 3676 917 3741 suppl.
930 3677 954 3739 6,
974 3679 1037 3733 185;
1057 3675 1087 3723 Η.
1102 3673 1201 3738 W(eil).

126 3759 181 3792 reo.
200 3746 260 3793 crit.
280 3745 344 3796 1888
359 3759 388 3808 p.
400 3746 462 3795 507:
482 3744 552 3807 mibi,
570 3745 662 3810 cuique
676 3745 759 3795 Bantl.
772 3743 949 3810 medicumque
961 3743 1149 3794 Luelrmaanua
1167 3742 1203 3792 ad

125 3810 206 3863 Lacr.
232 3809 254 3858 V
282 3814 330 3864 311
354 3810 524 3879 melicumque
546 3812 640 3878 Bradp
663 3813 796 3864 Hermatb.
820 3813 835 3863 3
860 3828 884 3863 a.
910 3812 975 3863 1875
998 3826 1024 3874 p.
1050 3811 1097 3860 195
1121 3814 1202 3860 metu·

125 3893 220 3943 umque
238 3880 311 3929 Arm.
329 3877 480 3945 Roranberg
