2640 4372
506 234 679 287 GdelllNUM
696 235 727 287 lll
744 241 767 289 l.
787 239 809 289 8.

253 405 290 466 Ut
312 406 452 467 Proetum
475 406 581 466 mulier
602 406 713 484 perfida
735 409 886 469 credulum

252 491 343 551 Falsis
365 491 515 569 impulerit
536 490 710 552 criminibus
733 493 819 553 nimis

181 586 208 636 15
295 575 379 637 Casto
403 576 649 654 Bellerophontae

349 661 495 721 Maturare
519 679 622 720 necem
646 661 752 735 relert;

252 778 359 838 Narrat
380 797 474 857 paene
496 779 596 838 datum
619 779 704 838 Pelea
727 779 858 852 Tartaro,

253 862 436 940 Magnessam
458 863 638 942 Hippolyten
662 864 730 923 dum
754 865 829 942 fugit
851 865 1011 937 abstinens,

300 947 338 1007 Et
359 967 483 1027 peccare
505 948 639 1008 docentis

183 1041 212 1090 20
340 1032 437 1093 Fallax
459 1032 596 1093 historias
619 1043 724 1092 movet.

254 1151 392 1212 Frustra:
416 1170 484 1211 nam
507 1149 637 1228 scopulis
659 1151 778 1211 surdior
798 1151 873 1210 lcari

256 1235 348 1296 Voces
371 1236 451 1295 audit
472 1235 567 1295 adbuc
590 1235 714 1314 integer.
758 1239 795 1295 At
817 1235 870 1296 tibi

301 1321 344 1380 Ne
367 1321 480 1381 vicinus
501 1319 633 1397 Enipeus

354 1405 422 1466 Plus
444 1405 521 1465 iusto
544 1404 658 1483 placeat
680 1423 758 1478 cave,

184 1532 213 1583 25
256 1522 395 1592 Quamvis
419 1541 479 1583 non
504 1522 577 1584 alius
599 1523 717 1583 flectere
740 1541 848 1601 equum
872 1523 969 1583 sciens

254 1610 356 1685 deque
379 1607 562 1686 conspicitur
584 1609 717 1686 gramine
739 1608 843 1667 Martio

303 1694 364 1752 Nec
387 1694 542 1770 quisquam
566 1694 640 1753 citus
663 1711 755 1770 aeque

353 1776 449 1837 Tusco
473 1778 593 1837 denatat
615 1777 712 1837 alveol

257 1895 352 1954 Prima
377 1904 463 1954 nocte
486 1895 606 1954 domum
630 1895 731 1955 claude
755 1912 852 1972 neque
874 1896 904 1954 in
928 1893 987 1953 vias

184 1989 214 2039 30
257 1979 318 2039 Sub
342 1987 430 2039 cantu
454 1979 594 2057 querulae
617 1978 734 2056 despice
758 1979 844 2038 tibiae

304 2062 342 2122 Et
364 2073 392 2123 te
414 2082 502 2142 saepe
524 2064 640 2123 vocanti

355 2148 463 2207 Duram
487 2146 613 2207 difficilis
634 2165 729 2206 mane.

591 2299 741 2307 ————

635 2399 699 2458 Vlll
749 2395 750 2399 ’

258 2518 370 2578 Martiis
393 2518 507 2578 caelebs
530 2518 600 2596 quid
623 2536 706 2596 agam
729 2517 877 2589 Kalendis,

259 2602 337 2672 Quid
358 2604 450 2663 velint
472 2603 560 2664 liores
583 2611 612 2662 et
634 2621 734 2663 acerra
758 2603 832 2664 turis

259 2687 350 2747 Plena
373 2688 486 2748 miraris
509 2688 683 2767 positusque
705 2687 794 2748 carbo

304 2771 437 2852 Caespite
459 2773 531 2845 vivo,

201 2903 215 2950 5
260 2891 355 2952 Docte
377 2909 530 2951 sermones
552 2891 707 2967 utriusque
730 2889 856 2967 linguae.

260 2975 401 3035 Voveram
424 2974 518 3034 dulcis
541 2974 642 3051 epulas
665 2982 694 3033 et
716 2972 815 3033 album

260 3059 366 3119 Libero
390 3076 511 3137 caprum
537 3077 630 3137 prope
652 3059 805 3118 luneratus

306 3143 428 3202 Arboris
450 3143 519 3202 ictu.

261 3260 316 3319 llic
340 3260 401 3320 dies
423 3278 501 3320 anno
526 3262 669 3321 redeunte
692 3262 783 3321 festus

193 3353 222 3403 10
266 3344 411 3406 Corticem
434 3346 605 3405 adstrictum
628 3346 694 3424 pice
716 3344 873 3405 dimovebit

262 3428 437 3506 Ampborae
460 3431 573 3489 fumum
598 3430 698 3490 bibere
720 3430 871 3490 institutae

310 3512 437 3573 Consule
460 3513 554 3573 Tullo.

224 3760 306 3839 Vlla.
326 3764 357 3812 20
383 3764 478 3828 movet]
503 3765 549 3827 (o):
576 3769 662 3814 monet
691 3763 695 3827 Ι
724 3767 756 3815 22
781 3762 845 3814 ludit
863 3763 998 3813 Puteanus
1019 3763 1089 3824 (Par.
1114 3765 1211 3828 rabbu

135 3844 179 3893 pr·
198 3830 354 3947 spllllltofvib
365 3831 741 3960 {rffit'ssndlffl'erb'i'rllrl
757 3899 822 3964 pbil.
841 3901 882 3960 24,
900 3899 1008 3962 emsa:
1027 3898 1103 3948 carbo
1123 3899 1149 3949 in
