2640 4372
499 225 540 278 DE
559 224 647 278 ARTE
665 225 812 279 pourton.
1129 222 1189 282 237

206 400 244 460 Et
266 398 358 478 patris
380 407 409 459 et
433 408 550 460 nostras
574 418 748 479 nonumque
769 409 922 481 prematur
944 400 975 460 in
999 416 1111 459 annum

208 485 386 545 Membranis
408 485 489 546 intus
511 485 635 564 positis,
653 484 752 545 delere
774 485 875 546 licebit

207 569 293 640 Quod
317 588 377 629 non
403 570 543 630 edideris:
568 569 663 630 nescit
684 589 739 630 vox
762 570 849 632 missa
872 568 988 631 reverti.
1011 604 1052 614 —
1149 577 1192 629 ³90

208 655 354 715 Silvestris
376 654 513 716 h'omines
534 672 617 715 sacer
639 656 846 734 interpresque
869 656 992 717 deornm

206 740 350 800 Caedibus
373 749 402 801 et
423 741 501 800 victu
525 739 611 799 loedo
633 739 776 801 deterruit
799 741 945 820 Orpheus,

207 827 307 886 Dictus
330 825 367 884 ob
390 825 448 885 hoo
470 825 563 885 lenire
585 825 669 902 tigris
690 826 868 903 rabidosque
889 825 1007 899 leones;

150 947 151 951 =
209 912 308 971 Dictus
330 918 359 970 et
381 910 538 989 Amphion,
562 908 720 970 Thebanae
742 910 880 971 conditor
901 909 992 982 urbis,

205 996 279 1056 Saxa
301 1013 420 1055 movere
442 1014 516 1056 sono
539 994 695 1056 testudinis
717 1004 747 1056 et
769 1014 858 1075 prece
879 995 985 1056 blanda

208 1081 322 1141 Ducere
344 1098 404 1158 quo
425 1080 522 1140 vellet.
568 1079 635 1140 Fuit
656 1081 728 1143 haec
751 1080 893 1160 sapientia
916 1080 1075 1159 quondam,

205 1165 325 1226 Publica
347 1165 467 1244 privatis
489 1183 654 1239 secernere,
670 1184 759 1227 *sacra
782 1167 924 1246 profanis,

207 1250 373 1312 Concubitu
396 1249 556 1329 prohibere
577 1269 660 1328 vago,
683 1251 752 1313 dare
774 1252 838 1312 iura
860 1251 982 1324 meritis,

208 1335 323 1415 Oppida
345 1335 452 1409 moliri,
475 1335 556 1415 leges
577 1335 710 1397 incidere
732 1338 828 1416 ligno:

206 1421 255 1481 Sic
278 1420 377 1481 honor
399 1429 429 1481 et
451 1439 559 1481 nomen
584 1420 688 1483 divinis
709 1423 823 1483 vatibus
844 1431 933 1500 atque

206 1505 391 1567 Carminibus
412 1505 502 1566 venit.
546 1506 618 1568 Post
639 1507 694 1568 bos
715 1507 841 1586 insignis
863 1507 1011 1567 Homerus

205 1591 409 1671 Tyrtaeusque
431 1591 520 1651 maris
542 1591 657 1652 animos
679 1593 709 1652 in
733 1592 834 1653 blartia
857 1590 933 1653 bella

206 1676 347 1737 Versibus
368 1676 499 1751 exacuit3
521 1675 617 1737 dictae
639 1696 693 1756 per
715 1679 844 1739 earmina
867 1685 972 1738 sortes.

205 1761 243 1821 Et
263 1761 338 1822 vitae
360 1771 523 1822 monstrata
545 1761 589 1822 via
611 1771 656 1823 est
678 1771 708 1823 et
730 1763 822 1842 gratia
844 1781 948 1842 regum

206 1846 310 1907 Pieriis
332 1853 473 1926 temptata
496 1846 591 1908 modis
613 1847 759 1927 ludusque
782 1857 919 1927 repertus

207 1931 243 1992 Et
264 1932 423 2010 longorum
448 1950 571 2010 operum
595 1933 679 1994 linis:
703 1953 741 1995 ne
765 1934 839 1994 lorte
861 1934 967 2013 pudori

206 2017 250 2077 Sit
271 2016 324 2077 tibi
348 2016 429 2078 Musa
452 2017 532 2097 lyrae
555 2017 660 2080 sollers
682 2027 712 2079 et
733 2027 839 2080 cantor
861 2018 976 2098 Apollo.
999 2048 1040 2060 -

205 2102 314 2163 Natura
337 2103 422 2162 fieret
443 2101 589 2164 landabile
612 2122 731 2165 carmen
756 2123 792 2164 an
815 2113 888 2178 arte,

206 2187 377 2257 Quaesitum
400 2196 461 2261 est;
484 2206 539 2267 ego
563 2208 619 2250 nec
641 2191 775 2261 studium,
794 2191 859 2252 sine
881 2188 968 2250 divite
991 2205 1063 2249 vena

205 2271 266 2332 Nec
289 2272 362 2333 rude
386 2273 454 2351 quid
478 2275 573 2352 prosit
595 2275 677 2335 video
700 2275 868 2353 ingenium;
892 2274 1012 2335 alterius
1034 2273 1076 2334 sic
1150 2279 1194 2332 tto

206 2356 304 2416 Altera
328 2357 424 2434 poscit
447 2376 533 2436 opem
556 2376 604 2419 res
627 2368 656 2419 et
678 2361 814 2420 coniurat
836 2361 938 2420 amice.

207 2440 264 2511 Qui
286 2440 385 2500 studet
408 2450 537 2518 optatam
560 2460 650 2503 cursu
673 2444 847 2523 contingere
870 2453 987 2515 metam,

206 2524 294 2585 Multa
317 2525 384 2585 tulit
406 2525 534 2603 lecitque
556 2544 640 2605 puer,
662 2527 776 2588 sudavit
797 2539 826 2588 et
847 2528 920 2600 alsit,

206 2610 355 2671 Abstinuit
377 2610 493 2671 Venere
515 2619 545 2671 et
565 2610 650 2685 vino;
674 2613 724 2690 qui
746 2613 847 2693 Pythia
870 2623 968 2672 cantat

206 2695 340 2766 Tibicen,
363 2695 464 2756 didicit
485 2696 569 2774 prius
591 2697 784 2776 extimuitque
806 2697 987 2776 magistrum.
1150 2705 1194 2757 tte

205 2781 292 2842 Nunc
315 2781 384 2842 satis
407 2790 451 2842 est
473 2781 580 2842 dixisse
599 2775 668 2862 ‘ego
691 2783 765 2844 mira
787 2791 921 2862 poemata
944 2800 1059 2863 pango;

208 2865 342 2946 Occupet
363 2875 526 2926 extremum
549 2868 678 2943 scabies;
700 2869 772 2929 mibi
794 2877 881 2948 turpe
904 2868 1032 2947 relinqui
1055 2877 1108 2942 est,

206 2951 244 3011 Et
266 2951 344 3030 quod
368 2971 429 3012 non
453 2951 540 3012 didici
562 2972 634 3014 sane
656 2954 772 3015 nescire
794 2947 896 3015 lateri?

206 3035 244 3096 Ut
265 3055 383 3116 praeco,
408 3038 442 3098 ed
466 3037 575 3099 mercis
595 3038 712 3099 turbam
736 3039 787 3118 qui
808 3040 888 3119 cogit
910 3038 1058 3112 emendas,

205 3121 416 3184 Adsentatores
438 3121 521 3184 iubet
542 3123 577 3184 ad
600 3124 716 3185 lucrum
739 3125 782 3185 ire
803 3133 890 3205 poeta
1149 3131 1194 3184 tto

207 3205 292 3267 Dives
314 3209 401 3288 agris,
424 3207 504 3270 dives
525 3209 630 3287 positis
652 3210 683 3270 in
705 3212 827 3271 faenore
849 3209 988 3272 nummis.

206 3290 237 3350 Si
259 3309 328 3352 vero
352 3300 407 3365 est,
430 3301 553 3354 unctum
577 3294 627 3372 qui
650 3305 730 3356 reete
753 3313 866 3374 ponere
888 3296 982 3376 possit

207 3375 244 3435 Et
266 3377 414 3454 spondere
436 3377 492 3439 levi
513 3397 568 3458 pro
591 3398 722 3459 paupere
745 3388 775 3440 et
796 3380 911 3460 eripere
933 3381 1005 3441 atris

207 3459 323 3522 Litibus
346 3462 532 3542 implicitum,
555 3464 693 3539 mirabor,
716 3465 740 3526 si
763 3465 836 3526 sciet
857 3465 935 3526 inter

205 3544 335 3607 Noscere
357 3548 530 3609 mendacem
552 3568 715 3629 verumque
737 3551 840 3612 beatus
861 3551 997 3611 amicum.
1149 3557 1193 3608 tto

205 3630 250 3690 'lu
273 3649 324 3692 seu
347 3632 468 3693 donaris
490 3652 542 3694 sen
565 3634 634 3713 quid
657 3635 770 3696 donare
791 3635 871 3697 voles
893 3635 951 3711 cui,

119 3766 322 3777 ——u—

183 3860 230 3901 c.
249 3851 298 3903 393
317 3847 472 3917 rapidosque
498 3852 503 3912 1
530 3852 580 3904 394
607 3852 672 3904 ercis
697 3855 733 3918 (c)
759 3853 764 3920 Ι
791 3855 840 3905 407
870 3851 924 3920 lyra
952 3852 973 3906 1.
993 3853 1020 3905 C.
1046 3851 1158 3904 labatur
1185 3849 1190 3922 Ι

119 3919 170 3970 410
189 3918 271 3984 possit
288 3919 323 3985 (υ)
341 3919 426 3972 Beati.
443 3918 514 3985 1416
533 3934 580 3971 nec
597 3919 632 3985 (o)
651 3920 737 3974 Beati.
753 3923 823 3989 1423
841 3922 903 3973 artis
921 3922 956 3988 (υ)
974 3920 1062 3974 Bentl.
