2640 4372
520 198 692 251 GARMlNUM
709 199 739 251 lll
758 203 798 253 tc

253 371 311 431 [los
334 379 378 430 est
399 388 505 449 magna
528 371 696 448 parentium

298 454 399 515 Virtus
422 463 451 515 et
472 463 608 516 metuens
630 455 749 516 alterius
770 456 824 515 viri

251 538 338 600 Certo
363 540 480 600 loedere
503 540 629 612 castitas,

299 623 337 683 Et
360 641 483 702 peccare
507 626 587 684 uelas
610 633 660 684 aut
681 625 808 703 pretium
832 637 877 687 est
899 629 985 689 mori.
1008 665 1048 674 —

253 708 277 769 Ο
303 708 436 785 quisquis
458 708 535 769 volet
557 709 660 788 impias
1128 726 1156 776 to

300 792 410 853 Caedes
432 802 461 853 et
483 793 595 853 rabiem
619 793 722 854 tollere
746 795 876 869 civicam,

252 878 283 938 Si
306 886 429 955 quaeret
448 869 557 957 ‘pater'
584 878 702 938 urbium

300 960 452 1022 Subscribi
475 963 588 1033 statuis,
611 963 783 1024 indomitam
805 965 909 1025 audeat

252 1046 416 1108 Refrenare
439 1047 596 1120 licentiam,

300 1131 401 1192 Clarus
423 1133 607 1212 postgenitis,
632 1142 777 1210 quatenus
800 1167 813 1178 ·
836 1135 894 1194 heu
918 1135 1015 1194 nelasl
1039 1169 1052 1180 -

254 1216 399 1276 Virtutem
422 1217 601 1277 incolumem
625 1216 748 1291 odimus,

299 1301 448 1361 Sublatam
470 1321 506 1362 ex
529 1302 622 1362 oculis
645 1303 812 1380 quaerimus
835 1304 934 1364 invidi.
956 1337 997 1349 —

255 1385 331 1455 Quid
356 1386 454 1447 tristes
478 1387 689 1464 querimoniae,

301 1470 330 1529 Si
355 1489 415 1529 uon
439 1471 585 1550 supplicio
608 1471 694 1549 culpa
717 1472 866 1547 reciditur,

256 1554 331 1624 Quid
355 1554 436 1631 leges
458 1556 522 1614 sine
544 1554 676 1615 moribus

301 1637 399 1697 Vanae
421 1639 591 1716 proficiunt,
614 1639 638 1698 si
662 1657 759 1716 neque
782 1640 899 1701 fervidis

254 1721 327 1782 Pars
350 1722 463 1783 inclusa
486 1723 633 1802 caloribus

302 1806 404 1866 Mundi
428 1826 484 1868 nec
506 1808 618 1868 Boreae
641 1807 797 1868 finitimum
820 1810 894 1871 latus

255 1891 441 1971 durataeque
464 1893 526 1953 solo
550 1892 632 1953 nives

300 1975 493 2037 Mercatorem
516 1976 649 2056 abigunt,
673 1976 790 2037 horrida
813 1979 909 2039 callidi

254 2060 387 2121 Vincunt
409 2080 537 2140 aequora
561 2058 695 2122 navitae?
719 2095 759 2104 -

300 2146 439 2224 Magnum
462 2147 619 2226 pauperies
642 2147 835 2225 opprobrium
859 2148 942 2209 iubet

254 2230 374 2300 Quidvis
397 2241 427 2291 et
448 2233 545 2292 lacere
569 2240 598 2291 et
619 2233 680 2311 pati

300 2314 480 2394 Virtutisque
503 2317 577 2377 viam
601 2316 708 2377 deserit
730 2316 847 2377 arduae.

254 2399 306 2459 Vel
330 2419 385 2461 nos
408 2400 438 2460 in
463 2400 649 2479 Capitolium,

302 2483 367 2552 Quo
391 2485 501 2544 clamor
522 2493 607 2545 vocat
628 2493 658 2544 et
679 2483 767 2544 turba
789 2486 958 2560 faventium,

255 2567 309 2627 Vel
333 2586 387 2627 nos
410 2569 441 2627 in
464 2586 544 2628 mare
567 2569 735 2647 proximum

304 2651 440 2712 Gemmas
463 2664 491 2712 et
513 2652 624 2730 lapides
647 2669 751 2712 aurum
775 2661 803 2712 et
825 2653 938 2726 inutile,

257 2736 371 2795 Summi
393 2737 544 2797 materiem
568 2737 645 2811 mali,

302 2821 460 2895 Mittamus,
483 2822 627 2882 scelerum
651 2823 675 2882 si
698 2821 775 2881 hene
797 2821 936 2900 paenitet.

254 2904 408 2966 Eradenda
431 2907 579 2986 cupidinis

301 2990 385 3051 Pravi
407 3002 477 3052 sunt
500 2992 644 3052 elementa
669 2999 698 3051 et
720 3000 838 3051 tenerae
863 2991 949 3051 nimis

254 3074 368 3136 Montes
391 3077 589 3156 asperioribus

301 3160 485 3222 Formandae
507 3161 621 3222 studiis.
666 3161 766 3220 Nescit
788 3179 865 3238 equo
888 3162 969 3222 rudis

254 3244 383 3305 Haerere
406 3247 555 3325 ingenuus
578 3264 652 3325 puer

302 3329 468 3407 Venarique
491 3332 585 3405 timet,
608 3330 710 3391 ludere
733 3328 857 3401 doctior,

257 3413 315 3473 Seu
338 3413 449 3474 Graeco
472 3415 573 3476 iubeas
595 3416 699 3475 trocho

303 3498 361 3558 Seu
382 3499 466 3560 malis
487 3501 574 3560 vetita
595 3500 710 3578 legibus
733 3499 803 3573 alea,

211 3730 289 3780 xxtv
309 3748 332 3784 v.
352 3734 383 3783 27
403 3733 504 3798 quaerit
521 3735 556 3795 (u)
571 3731 576 3798 Ι
591 3736 621 3782 in
639 3749 662 3784 u.
683 3735 714 3784 27
733 3737 759 3782 et
770 3733 872 3785 33-44
884 3729 1083 3794 distinguendis
1095 3733 1202 3778 secutus

124 3815 185 3849 sum
202 3798 315 3864 AK139
335 3800 394 3865 polo
408 3801 435 3852 S.
455 3800 652 3866 Wyngunrden
677 3805 727 3851 act.
745 3817 798 3850 soc.
816 3798 897 3850 lllren.
919 3799 1032 3848 Traiect.
1052 3794 1060 3844 l
1081 3796 1127 3845 197
1135 3810 1173 3859 sq.
1192 3794 1196 3859 Ι

126 3869 160 3918 44
179 3865 295 3917 deserere
313 3869 418 3933 uentu!
452 3871 485 3920 54
503 3868 559 3919 rudi
577 3868 636 3919 Η.
652 3868 817 3920 Cornelissen
835 3868 960 3918 Mnemon.
980 3882 1005 3916 n.
1024 3880 1044 3914 s.
1066 3864 1105 3924 16,
1124 3864 1172 3916 311
