2640 4372
560 215 690 267 Epopon
708 217 732 267 2.
750 219 774 268 3.

262 387 322 448 llas
344 388 421 448 inter
444 387 544 467 epulas
567 397 600 448 ut
622 388 699 448 iuvat
719 397 818 467 pastas
840 390 902 451 ovis

306 472 411 532 Videre
432 473 620 551 properantis
641 473 772 544 domum,

260 557 365 618 Videre
387 559 481 619 fessos
503 575 650 617 vomerem
673 558 822 619 inversum
845 558 934 620 boves

310 640 391 702 Collo
414 642 557 703 trahentis
579 642 719 720 languido

186 736 215 785 oo
260 726 435 805 Positosque
459 746 571 800 vernas,
594 727 663 788 ditis
684 746 806 789 examen
830 729 945 799 domus,

306 811 424 872 Circum
447 813 609 873 renidentis
630 808 731 874 Laris?

259 895 339 956 Haec
361 897 412 957 ubi
433 899 551 958 loculus
572 898 739 958 faenerator
760 898 862 971 Allius,

304 980 363 1041 lam
386 983 442 1043 iam
465 985 583 1043 loturus
604 983 741 1055 rusticus,

259 1065 384 1126 Omnem
407 1068 521 1146 redegit
542 1067 642 1128 ldibus
664 1068 829 1146 pecuniam,

184 1160 214 1209 ’11
305 1150 428 1221 Quaerit
450 1152 587 1213 Kalendis
609 1171 731 1230 ponere.

648 1440 687 1499 111

256 1556 390 1617 Parentis
412 1558 480 1617 olim
504 1558 596 1637 siquis
619 1559 707 1639 impia
729 1578 818 1621 manu

302 1641 400 1702 Senile
422 1651 523 1721 guttur
544 1644 675 1722 fregerit,

254 1725 321 1786 Edit
343 1727 446 1787 cicutis
468 1729 556 1788 alium
580 1730 747 1789 nocentius.

302 1811 422 1871 Odura
445 1831 608 1874 messorum
630 1815 692 1874 ilial
819 1888 824 1895 Δ

195 1907 210 1954 5
255 1895 330 1965 Quid
354 1897 411 1957 hoc
433 1899 540 1959 veneni
563 1898 652 1960 saevit
674 1900 704 1959 in
729 1893 932 1977 praecordiis?

299 1980 376 2039 Num
398 1982 548 2061 viperinus
570 1983 615 2044 his
638 2001 727 2043 cruor

255 2063 393 2126 lococtus
415 2068 514 2128 herbis
536 2087 582 2128 me
604 2069 715 2139 selellit,
738 2086 775 2128 an
799 2066 888 2127 malas

300 2149 418 2211 Canidia
440 2153 573 2212 tractavit
595 2149 706 2232 dapes?

256 2232 295 2292 Ut
316 2235 499 2314 Argonautas
521 2246 639 2315 praeter
661 2238 758 2298 omnis
781 2236 936 2297 candidum

185 2326 214 2376 10
299 2318 400 2380 Medea
423 2322 526 2382 mirata
549 2331 593 2382 est
614 2323 729 2395 ducem,

253 2401 357 2480 lgnota
378 2407 470 2468 tauris
492 2407 681 2484 inligaturum
704 2409 771 2486 iuga

300 2489 441 2551 Perunxit
462 2493 518 2553 hoc
541 2493 685 2565 Iasonem,

254 2571 317 2633 Hoc
340 2575 476 2638 delibutis
499 2578 557 2639 ulta
580 2577 666 2639 donis
688 2577 829 2658 paelicem

300 2659 445 2740 Serpente
466 2663 542 2741 sugit
563 2664 640 2723 alito.

182 2749 209 2799 11
251 2741 312 2803 Nec
334 2753 433 2808 tantus
455 2766 595 2826 umquam
617 2748 746 2809 siderum
769 2745 877 2806 insedit
897 2761 988 2822 vapor

299 2828 469 2892 Siticulosae
491 2833 612 2912 Apuliae

251 2911 312 2972 Nec
334 2933 443 2977 munus
465 2918 574 2977 umeris
597 2917 724 2977 efficacis
745 2914 880 2975 Herculis

298 2997 405 3060 lnarsit
428 3002 600 3061 aestuosius.

252 3083 289 3140 At
310 3084 406 3161 siquid
429 3103 567 3163 umquam
590 3086 646 3145 tale
670 3083 883 3163 concupiveris,

179 3171 208 3221 20
293 3166 404 3243 iocosa,
426 3171 589 3243 Maecenas,
612 3187 728 3249 precor,

251 3249 370 3312 Manum
392 3256 491 3335 puella
512 3256 589 3317 savio
613 3261 745 3335 opponat
766 3262 817 3314 tuo

296 3335 432 3401 Extrema
456 3350 485 3401 et
507 3341 536 3402 in
560 3340 673 3420 sponda
695 3341 792 3400 cubet.

124 3455 211 3461 -—...
226 3458 326 3466 --z

208 3519 227 3569 ll
245 3538 270 3574 υ.
288 3524 320 3575 61
341 3532 366 3575 et
385 3525 490 3588 (11165
508 3528 649 3590 postosqne
667 3528 702 3588 lo)
723 3523 769 3574 011⁷
788 3522 793 3585 Ι
818 3523 850 3573 69
868 3519 960 3585 relegit
977 3521 1012 3584 (o)

206 3587 235 3638 lll
254 3606 277 3640 o.
297 3592 311 3642 3
332 3592 391 3644 edat
414 3594 449 3657 (o)
476 3593 482 3658 Ι
509 3594 541 3643 20
565 3593 670 3656 iocosa]
694 3590 868 3643 Marklandus
891 3589 959 3639 Eur.
978 3588 1070 3654 suppl.
1092 3605 1120 3654 p.
1146 3590 1196 3640 258

124 3654 208 3721 (prob.
227 3657 306 3723 H-Plz
325 3660 411 3712 iocose

587 3834 732 3841 ----—
