2640 4372
509 220 699 274 satiarunt!
716 223 737 274 ll
757 228 780 277 1.
798 228 821 276 2

145 407 155 419 '
216 395 349 463 Cederet,
372 396 532 453 introrsum
556 396 660 471 turpis
684 415 754 454 num
779 397 893 456 Laelius
915 408 945 456 et
968 398 1019 476 qui

218 480 305 541 lluxit
326 479 363 540 ab
386 498 528 557 oppressa
551 481 688 540 meritum
712 481 888 558 Cartbagine
911 501 1019 542 nomen

217 565 341 644 lngenio
364 565 469 624 olicnsi
491 575 541 623 aut
563 565 641 625 laeso
664 566 785 625 doluere
808 567 925 627 lletello

216 651 405 729 Famosisque
428 651 512 727 Lupo
534 660 676 728 cooperto
699 649 855 712 versibus?
876 653 957 731 atqui

216 736 365 796 Primores
388 735 490 814 populi
513 736 637 813 arripuit
661 737 862 814 populumque
884 738 1029 801 tributim.

220 822 338 882 Scilicet
359 822 412 881 uni
435 839 548 898 aequus
570 821 669 880 tirtuti
693 833 782 899 atque
804 824 869 882 eius
890 824 1002 883 amicis.

218 907 295 977 Ouin
320 907 371 966 ubi
393 925 424 966 se
448 925 463 965 a
486 906 572 983 volgo
594 917 624 965 et
646 925 754 966 scaena
778 908 807 966 in
832 918 945 968 secreta
968 917 1119 969 remorant

218 993 314 1052 l'irtus
337 991 488 1070 Scipiadae
511 1002 541 1049 et
563 992 643 1052 mitis
664 993 808 1070 sapientia
832 993 921 1063 laeli,

215 1078 325 1155 Nugari
346 1096 414 1137 cum
437 1076 486 1136 illo
509 1087 539 1135 et
561 1076 697 1136 discincti
720 1078 831 1146 ludere,
854 1079 951 1138 donec

217 1164 440 1240 Decoqueretur
455 1162 551 1231 boluS,
566 1162 654 1221 soliti.
690 1161 838 1239 Quidquid
853 1183 918 1223 sum
934 1182 1001 1242 ego,
1017 1163 1143 1242 quamtis

217 1248 296 1308 lnfra
318 1247 413 1308 Lucili
435 1265 558 1307 censum
581 1248 805 1325 ingeniumque.
829 1259 926 1308 tamen
951 1267 998 1308 me

216 1332 289 1394 Cum
312 1333 426 1411 magnis
448 1333 552 1392 vixisse
575 1333 663 1391 inrita
687 1333 826 1392 fatebitur
848 1351 942 1412 usque

216 1419 325 1477 lnridia
349 1429 377 1477 et
400 1418 492 1494 fragili
516 1436 663 1495 quaerens
685 1418 809 1477 inlidere
832 1418 960 1491 dentem,

216 1503 354 1564 Offendet
375 1504 478 1573 solido,
502 1504 559 1563 nisi
581 1503 651 1580 quid
675 1514 716 1565 tu,
739 1504 825 1563 docte
849 1504 978 1575 Trebati,

215 1578 373 1650 Dissentis.'
410 1582 567 1668 ‘Equidem
593 1590 665 1648 nibil
687 1589 757 1647 binc
780 1589 935 1649 diffindere
959 1607 1088 1668 possum.

216 1673 273 1733 Sed
295 1684 393 1734 tamen
419 1685 450 1734 ut
472 1675 602 1733 monitus
624 1692 736 1745 careas,
760 1693 797 1733 ne
820 1675 897 1733 forte
920 1675 1022 1753 negoti

218 1759 345 1818 lncutiat
366 1760 419 1820 tibi
442 1760 511 1837 quid
534 1770 703 1820 sanctarum
726 1760 842 1818 inscitia
867 1759 979 1836 legum:

215 1844 246 1903 Si
269 1845 343 1904 mala
366 1846 531 1905 condiderit
555 1846 583 1903 in
608 1863 695 1923 quem
720 1846 786 1922 quis
808 1845 948 1916 carmina,
972 1846 1085 1905 insert

216 1921 436 2007 Iudiciumque?
473 1923 569 1999 ‘Esto‚
592 1930 684 2008 siquis
707 1930 797 2001 mala;
820 1929 870 1988 sed
893 1930 973 1990 bona
994 1929 1086 2008 siquis

216 2013 314 2073 ludice
336 2016 502 2074 condiderit
524 2014 658 2074 laudatus
681 2011 825 2074 Caesare?
848 2014 940 2094 siquis

217 2097 393 2176 Opprobriis
415 2100 537 2176 dignum
561 2098 717 2169 latraverit,
740 2101 857 2178 integer
878 2101 940 2178 ipse
950 2090 978 2159 ‘l'

210 2176 382 2244 ‘Solventur
404 2186 464 2244 risu
488 2183 613 2253 tabulae,
635 2195 666 2243 tu
690 2185 795 2245 missus
816 2175 929 2246 abibis’

653 2506 678 2565 ll

211 2626 293 2696 Quae
317 2627 408 2686 virtus
431 2636 460 2685 et
482 2636 601 2703 quanta,
626 2626 707 2695 boni,
730 2626 768 2686 sit
789 2626 885 2685 vivere
910 2644 998 2703 parvo

211 2746 222 2754 ·
248 2713 308 2772 Nec
331 2731 414 2772 meus
437 2712 484 2770 bic
506 2729 603 2771 sermo
628 2722 680 2783 est,
703 2711 754 2771 sed
779 2729 853 2788 quae
877 2711 1028 2790 praecepit
1050 2709 1155 2773 Ofellus

211 2797 357 2869 Rusticus,
378 2796 529 2856 abnormis
552 2797 669 2874 sapiens
692 2815 848 2874 crassaque
871 2796 999 2857 blinerva
1022 2830 1046 2868 -,

211 2882 319 2943 Discite
342 2902 402 2941 non
426 2881 505 2939 inter
527 2881 626 2941 lances
649 2900 825 2959 mensasque
850 2882 981 2952 nitentis,

138 2976 149 2988 '
210 2965 281 3026 Cum
305 2977 404 3045 stupet
426 2966 537 3026 insanis
558 2967 636 3026 acies
660 2967 824 3045 fulgoribus
846 2976 875 3026 ct
897 2985 963 3026 cum

210 3051 340 3111 ddclinis
363 3051 441 3110 falsis
464 3052 579 3112 animus
601 3052 721 3112 meliora
745 3062 870 3122 recusat,

214 3136 319 3195 Verum
343 3137 390 3195 bic
413 3135 554 3213 impransi
577 3155 693 3197 mecum
716 3137 878 3214 disquirite.
908 3129 983 3196 ‘Cur
1005 3125 1098 3197 hocl'

212 3220 321 3293 Dicam,
344 3221 367 3280 si
391 3228 503 3298 potero.
548 3221 621 3281 llale
644 3241 745 3282 verum
769 3223 914 3282 examinat
937 3221 1033 3282 omnis

211 3305 375 3384 Corruptus
398 3307 493 3365 index.
538 3307 683 3385 Leporem
707 3315 834 3367 sectatus
857 3326 969 3385 equove

128 3399 156 3449 10
214 3390 320 3452 lassus
343 3390 379 3449 ab
401 3390 543 3450 indomito
568 3394 657 3464 -vel,
681 3393 705 3453 si
729 3393 860 3452 Romana
883 3393 983 3471 fatigat

210 3576 217 3624 l
237 3591 260 3624 υ.
280 3578 311 3628 65
330 3581 373 3626 aut
388 3575 393 3642 1
409 3579 440 3629 tn
460 3576 501 3626 hic
520 3579 553 3637 to)
575 3577 579 3638 Ι
600 3575 734 3641 diffingere
753 3582 779 3626 et
796 3575 911 3628 diffidere
927 3577 931 3642 Ι
947 3577 979 3627 st
998 3573 1115 3626 landatur
1133 3572 1188 3638 toll

126 3645 157 3695 85
178 3642 329 3694 lacerauerit
346 3647 379 3707 (v)
406 3648 410 3706 Ι
438 3646 470 3696 86
489 3645 550 3706 risu]
570 3645 609 3695 bis
628 3644 657 3695 Vt
679 3646 763 3710 lepide
781 3661 845 3695 sane
863 3648 1044 3709 effugantem
1063 3641 1191 3707 Bargkfut

120 3710 215 3775 philol.
234 3713 274 3773 32,
293 3714 351 3774 566,
378 3714 424 3762 red
444 3716 524 3762 nimir
548 3713 711 3774 confidenter
736 3713 771 3774 cf.
794 3713 866 3764 anal.
889 3713 925 3762 ad
948 3727 1029 3763 carm.
1055 3711 1116 3762 Hor.
1134 3711 1192 3761 bist

123 3778 141 3828 n
161 3779 268 3897 22’113υ.
291 3852 301 3898 1
323 3847 395 3898 bonis
414 3851 447 3911 (v)
472 3849 476 3911 l
501 3850 610 3912 aquen
629 3851 663 3911 (υ)
688 3849 692 3914 l
717 3849 864 3900 3abnorml
889 3850 893 3910 Ι
920 3849 1019 3901 10-13
1038 3845 1194 3911 vel-disco]

124 3913 190 3964 duce
208 3914 363 3976 Heindorlio
382 3920 511 3981 tanquam
527 3918 698 3981 parenthesin
715 3917 882 3983 significavit
895 3915 1059 3982 Kruegerue:
1078 3932 1102 3966 u.
1117 3916 1194 3981 llaq.
