2640 4372
487 913 1030 1014 CARMINUM

615 1097 707 1149 LlBER
726 1098 901 1152 SECUNDUS.

751 1270 762 1328 l

349 1388 461 1449 Motum
478 1406 513 1448 ex
530 1389 647 1449 Metello
664 1389 786 1451 consule
801 1387 924 1449 civicum

350 1472 482 1551 Bellique
498 1492 602 1535 causas
618 1481 648 1534 et
661 1474 726 1534 vitia
744 1484 773 1536 et
788 1473 891 1533 modos

397 1558 572 1637 Luduurquc
589 1558 737 1619 Fortunae
753 1559 908 1637 gravisque

440 1643 612 1722 Principum
629 1643 767 1703 amicitias
783 1652 812 1703 et
826 1660 906 1703 arma

289 1771 303 1820 5
346 1761 484 1820 Nondum
501 1761 623 1838 expiatis
638 1771 726 1821 uucla
742 1759 908 1832 cruoribus

347 1845 533 1906 Periculosae
550 1846 672 1924 plenum
688 1865 763 1924 opus
777 1846 867 1917 aleae,

394 1930 514 1991 Tractus
530 1939 559 1989 et
574 1929 687 2000 incedis
700 1949 755 2008 per
770 1930 847 2008 ignis

438 2014 615 2093 Suppositos
631 2014 724 2074 cineri
740 2016 850 2075 doloso.

346 2132 468 2193 Paulum
484 2150 602 2200 severae
619 2132 699 2192 Musa
716 2133 881 2209 tragoediae

275 2225 302 2276 10
344 2217 427 2278 Desit
441 2217 579 2289 theatris;
595 2235 672 2287 mor,
688 2217 739 2277 ubi
754 2217 886 2296 publicas

393 2301 450 2362 Res
468 2301 622 2374 ordinaris,
640 2302 750 2381 grande
765 2321 875 2362 munus

435 2386 578 2464 Cecropio
595 2396 711 2464 repetes
727 2389 883 2458 cothurno,

346 2505 465 2583 Insigne
481 2505 599 2567 maestis
614 2506 793 2584 praesidium
809 2506 867 2565 reis

344 2589 381 2649 Et
396 2590 573 2663 consulenti,
590 2590 693 2662 Pollio,
709 2591 816 2662 curiae,

273 2684 301 2733 15
388 2673 439 2734 Cui
455 2676 558 2735 laurus
573 2683 709 2734 aeternos
723 2675 853 2733 honores

435 2759 594 2819 llelrnatico
611 2758 726 2835 peperit
740 2757 899 2835 triumpho.

343 2877 404 2937 lam
421 2895 502 2937 nunc
517 2875 624 2935 minaci
641 2893 793 2935 murmure
808 2893 954 2935 cornuum

344 2962 522 3038 Perstriugis
536 2961 625 3031 auris,
640 2959 697 3020 iam
713 2960 776 3020 litui
792 2969 937 3038 strepunt,

390 3046 450 3106 lam
466 3046 565 3123 fulgor
579 3063 729 3105 armornm
747 3046 858 3122 lugucis

272 3141 300 3190 1ο
442 3130 546 3190 Terret
562 3148 655 3207 equos
671 3131 862 3209 equitumque
877 3130 982 3191 voltus.

342 3248 451 3309 Audire
467 3266 590 3327 magnos
606 3249 661 3308 ianr
678 3248 777 3309 videor
791 3249 881 3308 duces

341 3334 407 3393 Non
424 3334 564 3393 indecoro
581 3333 700 3412 pulvere
715 3333 849 3393 sordidos

389 3417 426 3477 Et
441 3426 547 3478 cuncta
561 3428 707 3479 terrarum
722 3418 841 3479 subacta

431 3503 553 3563 Praeter
568 3513 697 3563 atrocem
713 3504 843 3563 animum
861 3501 988 3563 Catonis.

300 3635 352 3688 lv.
371 3640 386 3687 5
406 3639 491 3698 uncta]
514 3660 548 3679 =
571 3636 609 3687 Io.
628 3635 762 3686 Schrader
785 3637 923 3686 observatl.
950 3633 959 3683 l
986 3649 1008 3683 c.
1034 3632 1056 3682 V
1081 3649 1107 3698 p.
1133 3637 1178 3687 65:
1207 3636 1290 3691 tincta

212 3702 300 3754 Bentl.
330 3708 334 3765 Ι
358 3707 389 3757 21
420 3702 507 3755 videre
534 3704 580 3753 rt.
609 3702 757 3755 Beroaldus
786 3703 823 3753 ad
840 3702 892 3755 Cic.
915 3700 990 3753 Ture.
1010 3700 1032 3750 V
1052 3704 1092 3766 39,
1112 3706 1162 3754 114
1180 3718 1216 3753 erc
1233 3720 1289 3757 me·

211 3776 300 3822 moria
320 3778 432 3834 tuntum,
451 3770 606 3837 utffvidetur,
626 3773 695 3822 dunc
708 3772 794 3822 locum
806 3775 845 3820 ita
858 3771 989 3832 uffewrte,-
1003 3769 1133 3836 Gugetua;
1151 3771 1234 3822 ilenti.
