2640 4372
126 216 185 274 192
485 215 716 269 EPISTULARUM
734 217 743 267 1
762 219 785 270 6.
804 221 828 270 l.

119 403 148 452 ta
206 389 296 450 Exilis
319 392 424 451 domus
446 399 499 462 est,
522 389 572 449 ubi
597 408 656 449 non
681 398 709 449 et
732 390 820 448 multa
843 401 1005 468 supersunt

211 475 248 534 Et
269 475 422 535 dominum
445 475 550 535 lallunt
572 485 601 534 et
623 483 749 554 prosunt
772 473 898 535 iuribus.
943 474 1033 554 Ergo,

210 560 240 620 Si
263 579 311 622 res
333 561 394 622 sola
417 568 514 639 potest
535 560 632 620 lacere
655 569 684 619 et
706 577 822 620 servare
844 559 972 631 beatum,

211 644 274 705 Hoc
296 648 409 725 primns
432 655 547 724 repetas
569 663 654 723 opus,
677 644 734 705 hoc
756 655 923 723 postremus
946 644 1073 706 omittas.

212 730 241 790 Si
265 731 445 792 fortunatum
469 730 583 810 species
606 740 636 790 et
657 730 749 808 gratia
772 739 908 808 praestat,

212 815 378 877 illercemur
400 834 526 887 servum,
551 815 600 891 qui
624 815 714 874 dictet
737 816 866 888 nomina,
889 815 1004 875 laevum

212 900 268 971 Qui
291 902 398 962 lodicet
422 901 496 960 latus
519 909 549 960 et
571 912 656 978 cogat
679 910 761 960 trans
784 901 914 979 pondera
940 899 1070 960 dextram

213 987 379 1065 l'orrigere:
401 980 462 1046 ‘hio
485 985 609 1044 multum
633 985 662 1044 in
687 985 774 1044 Fabia
797 985 882 1059 valet,
905 985 952 1045 ille
978 985 1094 1057 Velina;

215 1069 265 1131 Cui
289 1071 361 1132 libet
383 1071 430 1132 hie
454 1071 538 1130 lascis
561 1069 640 1129 dabit
664 1070 827 1149 eripietque
851 1069 953 1131 curule

212 1156 264 1217 Cui
287 1158 365 1218 volet
386 1156 575 1235 importunus
598 1145 690 1215 ebur?
734 1148 984 1233 ‘Frate1·'‘pater'
1011 1156 1098 1226 adde;

212 1240 251 1301 Ut
272 1243 379 1320 cuique
402 1251 446 1302 est
468 1249 557 1311 aetas,
581 1239 619 1299 ita
643 1258 791 1318 quemque
814 1242 927 1302 facetus
949 1240 1066 1320 adopta.

213 1325 243 1385 Si
267 1326 343 1388 bene
365 1326 415 1404 qui
438 1335 526 1386 cenat
547 1325 623 1385 bene
646 1325 721 1398 vivit,
745 1327 832 1398 lucet,
855 1344 955 1386 eamus

213 1411 278 1481 Ouo
301 1413 382 1473 ducit
404 1411 480 1490 gula,
504 1412 661 1489 piscemur,
684 1428 836 1484 venemur,
860 1422 892 1471 ut
914 1411 984 1472 olim

214 1497 368 1574 Gargilius,
392 1497 442 1575 qui
465 1515 551 1556 mane
574 1495 683 1574 plagas,
706 1495 860 1569 venabula,
883 1514 1016 1569 servos,

214 1582 367 1643 [lillertum
390 1582 516 1643 transire
539 1582 636 1641 lorum
660 1581 862 1660 populumque
885 1581 1015 1653 iubebat,

216 1667 296 1728 Unus
320 1676 352 1729 ut
374 1687 389 1726 e
412 1667 511 1728 multis
534 1666 644 1744 populo
667 1674 818 1744 spectante
841 1667 965 1726 referret

214 1752 352 1831 Emptum
375 1753 471 1813 mulus
493 1769 607 1830 aprum.
652 1751 740 1812 Grudi
763 1751 927 1829 tumidique
950 1750 1090 1823 lavemur,

214 1838 291 1909 Quid
313 1838 422 1910 deceat,
447 1837 515 1915 quid
540 1856 600 1896 non
625 1836 716 1907 obliti,
741 1834 853 1896 Caerite
877 1854 944 1896 cera

216 1923 311 2001 Digni,
334 1923 488 2000 remigium
512 1921 649 1982 vitiosum
672 1921 833 1982 ithacensis
855 1921 941 1993 Ulixi,

216 2009 268 2068 Cui
291 2008 388 2086 potior
411 2008 502 2086 patria
526 2008 581 2067 luit
603 2007 759 2066 interdicta
782 2006 924 2085 voluptas.

145 2104 155 2117 '
214 2093 256 2166 Si,
280 2092 472 2152 Mimnermus
494 2091 536 2151 uti
559 2101 670 2163 censet,
693 2091 758 2152 sine
781 2110 881 2152 amore
904 2091 1045 2169 iocisque⁴

217 2178 263 2238 Nil
285 2187 329 2237 est
351 2176 522 2246 iucundum,
546 2175 622 2235 vivas
645 2176 675 2235 in
700 2194 800 2236 amore
822 2177 963 2254 iocisque.
988 2211 1028 2220 -

218 2261 297 2332 Vive,
319 2261 396 2322 valet
441 2260 543 2338 Siquid
567 2260 673 2321 novisti
696 2261 804 2323 rectius
827 2262 898 2333 istis,

219 2346 366 2408 Candidus
389 2345 520 2424 imperti3
543 2345 567 2406 si
591 2364 662 2418 non,
685 2345 731 2406 liis
753 2355 837 2409 utere
860 2366 988 2408 mecum.

595 2500 747 2510 ..-

643 2617 694 2679 Vll

220 2737 359 2816 Quinque
383 2738 443 2798 dies
467 2738 517 2797 tihi
542 2737 690 2817 pollicitus
712 2755 758 2796 me
781 2754 851 2797 rure
873 2736 1015 2808 futurum,

222 2823 360 2883 Sextilem
383 2832 478 2883 totum
502 2822 628 2883 mendax
651 2821 813 2883 desideror.
856 2822 945 2899 Atqui

222 2908 251 2968 Si
275 2926 321 2968 me
342 2908 438 2969 vivere
461 2908 502 2968 vis
525 2926 628 2968 sanum
652 2914 793 2984 recteque
815 2904 969 2979 valentem,

221 2993 316 3064 Quam
339 2994 409 3054 mihi
433 2993 483 3054 das
506 3011 604 3072 aegro,
628 2990 710 3052 dabis
732 2999 885 3069 aegrotare
907 2991 1032 3066 timenti,

225 3078 385 3152 Maecenas,
408 3079 531 3147 veniam,
554 3079 624 3138 dum
647 3078 721 3137 ficus
743 3076 837 3154 prima
860 3075 999 3154 calorque

223 3163 452 3243 dissignatorem
476 3163 594 3223 decorat
616 3161 771 3223 lictoribus
793 3161 873 3232 atris,

224 3248 299 3308 ilum
323 3250 422 3329 pueris
445 3248 541 3309 omnis
564 3256 697 3326 pateret
720 3245 878 3307 matercula
902 3246 990 3324 pallet

224 3332 420 3412 Oltlciosaque
442 3333 579 3395 sedulitas
602 3341 631 3392 et
653 3332 746 3411 opella
770 3331 896 3391 lorensis

222 3419 347 3479 Adducit
370 3418 459 3480 febris
482 3426 511 3477 et
533 3425 705 3478 testamenta
727 3416 867 3496 resignat.

224 3504 334 3575 Quodsi
358 3503 461 3564 bruma
486 3503 567 3564 nives
589 3501 710 3562 Albanis
734 3502 839 3562 inlinet
861 3501 948 3581 agris,

222 3591 265 3650 Ad
288 3608 369 3650 mare
392 3589 551 3650 descendet
574 3596 651 3648 vates
673 3597 742 3648 tuus
764 3596 793 3648 et
814 3586 870 3647 sibi
893 3596 995 3666 parcet

226 3774 256 3824 Vl
276 3792 298 3827 o.
317 3777 348 3826 50
368 3773 478 3836 laevum]
496 3774 543 3836 lul:
563 3786 668 3825 saeuum
684 3774 688 3838 Ι
704 3774 737 3826 68
754 3773 776 3824 si
795 3771 829 3822 nil

224 3842 267 3893 Vll
284 3860 308 3895 υ.
328 3844 343 3895 2
361 3842 441 3908 atqui]
461 3843 509 3906 (vla
528 3845 606 3906 atque
631 3842 635 3906 Ι
663 3843 677 3892 3
696 3841 736 3893 uis
754 3846 874 3906 recteque
898 3838 985 3890 uidere
1004 3839 1130 3891 ualentem
1148 3839 1182 3899 (ol
1202 3835 1206 3896 l

138 3916 155 3964 5
175 3911 296 3977 colorque
313 3913 355 3976 (=
374 3913 422 3974 Bt)
