2640 4372
454 210 625 262 CARMINUM
644 211 673 263 111
693 216 732 266 16.
752 217 791 268 tt.
812 218 851 268 18.

249 381 422 463 importuna
443 391 541 443 tamen
565 384 721 462 pauperies
744 384 835 458 abest,

249 467 318 539 Nec,
342 469 366 528 si
390 469 474 546 plura
496 468 592 540 velim,
616 476 649 527 tu
673 468 741 529 dare
764 469 901 548 deneges.

296 552 455 613 Contracto
476 553 582 613 melius
605 571 694 632 parva
716 554 855 634 cupidine

176 645 206 695 to
349 638 504 716 Vectigalia
526 638 674 716 porrigam

249 755 342 825 Quam
366 757 390 818 si
413 756 578 836 Mygdoniis
600 774 725 833 regnum
748 756 871 834 Alyattei

250 839 367 920 Campis
390 841 572 901 continuem.
617 840 707 900 Multa
730 841 901 920 petentibus

296 926 410 986 Desunt
433 926 538 985 multa:
562 923 640 985 bene
664 935 717 998 est,
740 926 787 985 cni
811 926 884 986 deus
909 924 1014 986 obtulit

347 1010 439 1070 Parca
463 1010 541 1088 quod
564 1010 634 1070 satis
657 1019 701 1069 est
723 1027 822 1070 manu.

591 1197 737 1210 ———

620 1311 698 1371 xvlt

249 1431 311 1493 Aeli
333 1439 448 1491 vetusto
472 1430 581 1491 nobilis
604 1429 641 1490 ab
665 1430 789 1490 Lamo-

250 1515 375 1586 Quando
398 1524 428 1576 et
448 1516 564 1594 priores
586 1515 656 1575 hinc
678 1515 793 1576 Lamias
815 1516 916 1576 ferunt

296 1602 510 1662 Denominatos
533 1611 561 1662 et
575 1609 727 1679 nepotum

346 1687 404 1745 Per
426 1704 572 1746 memores
595 1704 690 1764 genus
713 1704 800 1746 omne
823 1686 923 1755 fastus,

191 1813 206 1862 δ
249 1802 378 1864 Auctore
401 1803 437 1862 ab
460 1804 509 1863 ilio
533 1804 614 1863 ducit
638 1804 792 1881 originem,

249 1887 307 1957 Qui
331 1888 514 1947 Formiarum
538 1888 655 1946 moenia
678 1887 785 1947 dicitnr

296 1972 440 2050 Princeps
462 1982 491 2032 et
512 1972 667 2031 innantem
690 1971 815 2031 Maricae

349 2054 498 2116 Litoribus
520 2056 651 2115 tenuisse
673 2054 775 2126 Lirim,

250 2173 321 2233 Late
344 2184 488 2254 tyrannus
510 2205 533 2245 ·‚
557 2190 622 2231 cras
645 2171 722 2231 soliis
745 2189 852 2232 nemus

179 2268 206 2318 10
250 2257 349 2319 Multis
372 2267 400 2318 et
422 2259 486 2335 alga
508 2257 577 2316 litus
599 2256 697 2316 inutili

296 2343 428 2404 Demissa
450 2349 609 2420 tempestas
631 2340 667 2400 ab
690 2340 772 2401 Euro

351 2428 479 2501 Sternet,
502 2444 595 2503 aquae
617 2425 673 2486 nisi
697 2425 771 2486 fallit
792 2444 887 2504 augur

250 2546 371 2607 Annosa
394 2546 507 2606 cornix.
553 2543 630 2604 Dum
652 2552 747 2622 potes,
770 2544 884 2606 aridum

251 2630 404 2711 Compone
427 2631 554 2710 lignum:
579 2647 644 2690 cras
668 2628 795 2688 Genium
820 2648 902 2690 mero

179 2725 207 2776 lo
295 2716 419 2777 (Iurabis
442 2725 471 2776 et
492 2733 585 2795 porco
607 2713 763 2773 bimenstri

349 2800 422 2861 Cum
444 2801 560 2861 famulis
584 2816 707 2875 operum
730 2798 843 2860 solutis.

615 3115 707 3175 XVIll

250 3233 361 3308 Fauna
384 3235 583 3314 Nympharum
607 3234 772 3313 fugientum
796 3244 918 3307 amator,

251 3319 308 3380 Per
330 3338 413 3380 meos
435 3321 502 3381 finis
524 3330 553 3380 et
575 3320 674 3399 aprica
696 3338 766 3380 rura

250 3403 340 3465 Lenis
364 3403 482 3465 incedas
504 3404 651 3483 abeasque
672 3407 768 3483 parvis

326 3490 447 3567 Aequus
469 3490 604 3562 alumnis,

208 3737 316 3792 xvuv.
336 3739 467 3803 [2-51M
489 3741 493 3804 Ι
516 3743 533 3792 4
554 3740 645 3804 fastus]
669 3737 703 3800 cf.
721 3738 754 3790 lv
775 3742 818 3800 14,
842 3742 871 3799 4;
900 3756 957 3805 opp.
984 3739 1003 3790 11
1031 3741 1053 3801 1,
1080 3739 1114 3790 48
1139 3739 1201 3796 coll.

122 3810 204 3860 Moe.
223 3804 255 3858 Vl
274 3810 289 3872 §
309 3811 355 3860 72:
382 3808 463 3859 fastos
490 3811 494 3871 Ι
521 3811 536 3858 5
559 3806 638 3870 ducit]
663 3810 730 3873 (o?);
761 3807 794 3858 D.
812 3808 952 3870 Halmius,-
975 3806 1072 3858 nancte
1100 3805 1173 3858 ducis
1200 3815 1205 3878 1

126 3878 156 3928 13
174 3875 243 3941 potis
261 3878 295 3941 (o)
312 3880 316 3943 t
334 3880 365 3929 lb
384 3891 461 3942 porco
480 3877 576 3942 Porpb.
596 3877 652 3930 cod.
672 3876 742 3926 Mon.
