2640 4372
470 204 710 260 caenulento.
731 209 769 259 10.
789 209 828 260 ll.

241 380 327 442 anc
342 389 371 442 et
386 381 502 442 latentis
517 381 651 460 proditor
666 381 770 442 intimo

244 466 348 528 Gratus
364 467 477 546 puellae
493 467 569 528 risus
585 467 620 526 ab
636 467 745 544 angulo

288 552 459 631 Pignusque
475 553 627 631 dereptum
643 552 759 613 lacertis

331 641 388 698 Aut
402 637 493 715 digito
509 637 582 697 male
597 636 750 717 pertinaci.

637 839 662 900 X

219 1010 221 1014 .
243 956 380 1030 Mercuri,
397 959 522 1019 lacunde
538 976 632 1037 nepos
648 959 781 1031 Atlantis,

244 1040 301 1112 Qui
316 1043 396 1103 feros
412 1043 508 1104 cultus
523 1043 676 1104 homiuum
693 1044 848 1104 recentum

244 1126 323 1188 Voce
338 1128 470 1189 formasti
487 1137 568 1189 catus
583 1137 612 1189 et
627 1130 751 1189 decorae

320 1212 402 1272 More
417 1214 589 1292 palaestrae,

243 1330 286 1390 Te
302 1350 415 1405 canam,
433 1332 529 1411 magni
544 1331 620 1392 lovis
636 1340 665 1392 et
679 1333 803 1393 deorum

245 1415 388 1478 Nuntium
404 1435 569 1495 curvaeque
585 1415 663 1496 lyrae
680 1424 843 1496 parentem,

244 1500 384 1561 Callidum
402 1501 542 1580 quidquid
559 1501 669 1580 placuit
685 1502 784 1562 iocoso

322 1585 456 1646 Condere
472 1587 561 1646 iurto.

247 1703 270 1763 T
273 1723 299 1777 e,
316 1703 405 1764 boves
422 1703 489 1763 olim
506 1703 562 1765 uisi
577 1703 753 1764 reddidisses

244 1788 302 1849 Per
316 1789 415 1848 dolum
431 1796 550 1869 amotas,
566 1806 692 1868 puerum
709 1787 816 1849 minaci

246 1872 324 1936 Voce
341 1873 409 1933 dum
426 1881 527 1947 terret,
542 1874 647 1934 viduus
662 1873 798 1952 pharetra

321 1959 395 2020 Risit
409 1959 523 2038 Apollo.
631 2032 633 2037 ,

245 2077 322 2147 Quin
341 2086 370 2138 et
384 2079 499 2138 Atridas
515 2079 589 2139 duce
605 2087 634 2138 te
649 2076 795 2156 superbos

244 2162 297 2223 llio
314 2163 392 2224 dives
408 2163 541 2224 Priamus
556 2163 659 2224 relicto

247 2247 460 2327 Thessalosque
475 2248 551 2326 ignis
567 2256 596 2308 et
611 2248 711 2326 iniqua
725 2247 831 2306 Troiae

324 2332 422 2393 Castra
438 2333 548 2393 tetellit.

249 2447 292 2507 'lu
309 2450 371 2527 pias
386 2449 469 2510 laetis
485 2451 597 2511 animas
612 2443 734 2529 reponis

249 2530 374 2594 Sedibus
388 2534 527 2613 virgaque
542 2535 633 2594 levem
650 2551 770 2594 coerces

249 2617 343 2677 Aurea
359 2618 486 2690 turbam,
503 2619 619 2698 superis
634 2618 756 2678 deorum

325 2701 431 2763 Gratus
447 2712 477 2764 et
492 2703 567 2764 imis.

633 2905 672 2966 Xl

249 3023 293 3084 'lu
309 3044 348 3086 ne
363 3025 523 3103 quaesieris
538 3057 552 3069 ·
568 3023 644 3086 scire
660 3026 741 3085 netas
759 3057 782 3097 -,
799 3041 886 3101 quem
902 3023 983 3097 mihi,
999 3043 1087 3103 quem
1103 3028 1155 3088 tibi

248 3108 352 3171 Finem
368 3111 397 3170 di
412 3110 557 3182 dederint,
573 3109 742 3182 Leuconoe,
760 3127 813 3170 nec
829 3109 1006 3188 Babylonios

248 3194 413 3275 Temptaris
429 3213 586 3255 numeros:
603 3202 635 3256 ut
650 3195 754 3256 melius
769 3193 911 3273 quidquid
927 3194 983 3255 erit
997 3194 1072 3272 patil

249 3279 307 3340 Seu
323 3280 416 3359 pluris
430 3281 543 3341 hiemes
558 3298 609 3341 seu
625 3279 728 3340 tribuit
743 3280 875 3359 luppiter
890 3279 1032 3352 ultimam,

251 3396 333 3468 Quae
348 3417 430 3459 nunc
446 3397 590 3479 oppositis
606 3396 737 3459 debilitat
752 3398 919 3477 pumicibus
934 3416 1014 3458 mare
1135 3409 1150 3459 5

251 3483 448 3562 Tyrrhenum,
464 3485 569 3564 sapias,
586 3484 651 3543 vina
667 3482 760 3563 liques
776 3492 805 3543 et
819 3483 914 3563 spatio
930 3483 1011 3543 brevi

251 3568 340 3648 Spem
357 3568 474 3648 longam
490 3569 621 3629 resecesl
645 3604 686 3612 -
708 3568 783 3629 Ilum
799 3568 957 3646 loquimur,
972 3568 1081 3646 sugerit
1096 3567 1192 3628 invida

252 3654 351 3714 Aetas:
368 3671 457 3733 carpe
472 3655 548 3714 diem
566 3671 653 3732 quam
671 3654 823 3714 minimum
841 3653 959 3714 credula
977 3661 1106 3732 postero.

208 3784 230 3835 X
249 3802 272 3837 o.
293 3789 303 3837 t
325 3785 432 3838 Mercuri
452 3787 567 3852 facunde,
585 3801 665 3854 nepos
684 3778 811 3852 egssame
828 3784 935 3848 Boniti
952 3785 983 3836 14
1001 3782 1089 3833 relicta
1107 3781 1194 3834 Loeb-

124 3867 238 3903 mannus
256 3855 290 3917 (u.
311 3857 385 3919 1845)
405 3855 439 3906 kl.
459 3855 534 3908 Scbr,
553 3856 573 3907 ll
591 3857 670 3919 eaoq.
931 3870 934 3877 ’

209 3920 293 3974 >lton
303 3922 469 3988 dederuntlo)
484 3924 489 3991 Ι
505 3925 583 3990 3sqq.
594 3924 655 3989 pati,
666 3937 710 3974 seu
721 3920 916 3987 ..Tyrrhenum
926 3919 1037 3968 etstmtt.
1052 3919 1087 3970 al.
1102 3917 1108 3986 Ι
1124 3922 1138 3970 5
1149 3921 1194 3985 qui

583 4044 734 4054 ’.-
