2640 4372
512 195 702 257 §annunti
719 207 739 258 u
756 212 782 259 ι.
798 212 824 259 5.

218 378 360 439 Obiitnm.
382 390 494 456 quanto
516 397 617 438 cunm
639 391 850 458 sumptumque
871 382 1020 443 minorem

218 463 296 524 Haeo
318 463 456 524 habeant.
479 476 561 523 tanto
583 465 761 541 reprehendi
783 467 890 526 iustiru
911 467 979 529 illis

217 548 300 618 Quae
322 550 379 609 nisi
401 550 540 608 divitibus
563 561 715 626 nequeunt
737 552 914 628 continerent
936 544 1084 614 mensis?
1110 584 1174 600 -ν

218 633 311 694 Docte
334 634 406 695 Cati
429 653 484 712 per
504 635 661 693 amicitiam
683 635 824 712 dirosque
846 647 978 713 rogatus

217 718 333 779 Ducere
354 739 401 779 me
423 721 564 779 auditum.
587 738 694 798 perges
715 739 915 798 quocumque.
937 736 1101 785 memento.

215 804 289 864 Nam
312 807 443 882 quamvis
464 806 587 863 memori
610 806 721 864 retem
742 807 813 865 mihi
836 818 959 884 pertore
980 818 1099 887 cuneta,

216 890 281 950 Non
305 901 402 949 umen
426 891 575 968 interpres
595 890 770 950 tantundem
792 892 910 951 iuveris.
954 894 1038 954 tute

217 975 333 1035 i'oitum
356 975 548 1052 habitumque
570 975 707 1035 hominis.
730 994 819 1052 quem
842 989 874 1036 tn
897 977 1003 1038 vidisse
1025 979 1129 1041 beatus

215 1060 281 1121 Non
305 1061 403 1138 magni
425 1061 540 1139 pendis.
563 1060 630 1137 quia
652 1062 791 1138 contigit;
812 1072 842 1120 at
863 1063 935 1121 mihi
956 1081 1030 1123 tura

216 1144 283 1205 Non
307 1146 463 1204 mediocris
485 1146 572 1205 inest.
596 1146 686 1205 tontis
709 1157 741 1204 ut
763 1147 845 1206 adire
866 1158 999 1208 remotos

220 1234 315 1308 Atque
337 1231 455 1289 haurire
479 1249 584 1307 queam
606 1230 681 1289 ritae
703 1243 861 1309 praerepta
883 1225 1003 1293 beatae?

650 1517 673 1574 Y

215 1637 279 1699 Hoc
302 1658 431 1717 quoqne.
454 1639 575 1699 Tiresia.
599 1648 716 1715 praeter
740 1647 856 1696 narrata
878 1639 991 1715 petenti

215 1723 383 1803 Responde,
407 1724 516 1803 quibus
537 1723 658 1783 amissas
680 1741 818 1800 reparare
841 1741 947 1799 queam
970 1741 1019 1784 res

214 1809 335 1870 Artibus
350 1821 445 1906 ‚atque
469 1808 571 1869 modis
615 1807 694 1878 Quid
717 1805 814 1868 rides?
854 1801 970 1868 ‘lamne
992 1809 1096 1870 doloso

215 1895 279 1954 Non
303 1896 373 1955 satis
395 1906 439 1955 est
462 1895 588 1954 ithacam
611 1894 710 1953 revehi
733 1894 903 1988 patriosque
925 1893 1045 1955 Penatis

215 1971 410 2058 AdspicereY
452 1979 476 2040 Ο
501 1980 575 2039 nulii
597 1980 755 2056 quicquam
778 1978 911 2047 mentite,
933 1978 1014 2038 riuos
1036 1992 1070 2040 ut

215 2064 316 2125 Nudos
338 2065 485 2143 inopsque
506 2065 627 2124 domum
650 2064 767 2122 redeam
790 2075 819 2122 te
841 2074 914 2131 rate,
939 2083 1036 2142 neque
1059 2065 1117 2126 illio

213 2153 272 2210 Aut
293 2150 435 2228 apotheca
458 2149 556 2226 procis
578 2149 687 2207 intacta
709 2158 753 2207 est
776 2158 826 2208 aut
848 2166 955 2226 pecus;
978 2150 1061 2227 atqui

214 2233 253 2294 Et
274 2253 370 2312 genus
392 2244 422 2294 et
443 2235 544 2305 tirtus,
569 2233 624 2292 nisi
647 2250 714 2291 cum
738 2251 780 2303 re,
803 2233 888 2292 vilior
909 2233 973 2312 alga
996 2245 1050 2296 est.

209 2311 350 2389 ‘Quando
374 2320 546 2414 pauperiem
569 2318 664 2378 missis
686 2317 859 2397 ambagibus
881 2317 995 2389 horres,

213 2405 322 2484 Accipe
345 2425 402 2485 qua
424 2405 539 2465 ratione
561 2421 652 2482 queas
672 2404 830 2463 ditescere.
855 2402 961 2463 turdus

214 2490 281 2550 Sive
303 2492 381 2552 aliud
404 2492 519 2571 privum
541 2489 659 2549 dabitur
681 2487 744 2562 tibi,
767 2488 882 2548 ‹lorotet
903 2488 984 2559 illue,

214 2575 272 2637 Res
294 2577 344 2637 ubi
367 2596 472 2656 magna
496 2576 570 2635 nitet
590 2574 711 2634 domino
734 2593 824 2647 sene;
847 2573 942 2634 dulcia
965 2591 1053 2652 poma

215 2660 250 2720 Et
272 2681 476 2740 quoscumque
498 2662 574 2721 teret
596 2662 693 2720 cultus
715 2659 767 2718 tini
791 2660 900 2719 fundus
922 2659 1054 2720 honores

213 2750 288 2807 Ante
312 2748 413 2808 Larem
437 2757 535 2826 gustet
557 2744 753 2805 venerabilior
774 2744 850 2804 Lare
871 2744 966 2816 dires;

214 2830 271 2902 Oui
294 2834 426 2910 quamvis
447 2832 584 2911 periurus
606 2830 672 2901 erit,
694 2829 760 2889 sine
781 2839 880 2906 gente,
903 2839 1048 2891 eruentus

214 2917 365 2993 Sanguine
388 2920 530 2988 fraterno,
554 2915 704 2993 fugitivus,
728 2933 766 2974 ne
789 2924 886 2975 tamen
911 2914 952 2974 illi

213 3000 258 3059 Τιι
280 3021 380 3064 comes
402 3003 539 3074 exterior,
562 3002 586 3062 si
610 2999 816 3079 postuletne
839 2989 977 3060 reeuses'

215 3085 290 3145 Utne
313 3099 408 3183 tegam
431 3106 540 3165 spureo
563 3086 671 3146 Damae
694 3083 790 3145 latus?
814 3084 920 3145 haud
912 3096 952 3144 ita
975 3084 1081 3146 Troiae

212 3170 258 3229 Me
281 3173 367 3249 gessi,
391 3182 507 3233 certans
528 3190 646 3249 semper
667 3169 848 3230 melioribus.
889 3163 983 3249 ‘Ergo

213 3255 329 3334 Pauper
351 3248 425 3318 eris?
466 3257 584 3318 Fortem
607 3257 665 3316 hoo
687 3256 817 3315 animum
840 3255 967 3315 tolerare
989 3254 1099 3317 iubebo

215 3339 250 3400 Et
273 3342 422 3439 quondam
446 3344 555 3405 maiora
579 3341 648 3415 tuli;
671 3351 701 3401 ιιι
725 3341 869 3420 protinus,
893 3339 973 3400 unde

212 3425 330 3487 Divitias
352 3429 486 3507 aerisque
508 3446 600 3501 ruam,
624 3387 671 3487 dio
693 3445 796 3505 augur,
819 3443 949 3486 acervos.

126 3574 328 3586 u—-—

213 3695 233 3742 V
255 3713 280 3747 o.
305 3695 594 3749 trancurrimus
621 3697 624 3761 Ι
649 3697 680 3747 at
709 3696 769 3747 tulit
796 3695 835 3746 ed.
856 3696 1053 3758 Wtebergamis
1079 3711 1104 3744 α.
1133 3691 1193 3746 1598

123 3763 333 3830 (Proedr'oooa'm,
360 3767 407 3829 qui
433 3766 528 3815 maiora
546 3765 612 3816 tutit.
640 3766 673 3815 At
691 3771 812 3830 protenus
835 3785 840 3823 ;
869 3762 1011 3813 Horleeiius
1036 3763 1111 3814 anal.
1135 3761 1194 3812 Iler.

123 3844 149 3894 p.
180 3833 227 3884 126
240 3840 287 3899 sq.)
320 3835 324 3894 Ι
354 3834 386 3884 22
413 3831 494 3899 ruam]
513 3858 546 3877 =
564 3833 658 3882 Haurit
684 3833 721 3882 ad
744 3832 842 3896 Reisig.
870 3831 931 3882 adn.
960 3830 1023 3883 319:
1051 3845 1137 3882 ernam
1162 3831 1196 3894 (a)

125 3904 219 3950 struant
239 3902 275 3955 Io.
295 3902 431 3954 Schrader
449 3904 546 3952 obiero.
562 3918 590 3966 p,
609 3903 641 3951 ta
654 3917 710 3966 sqq.
