2640 4372
443 194 671 249 EPISTULARUM
690 195 699 247 l
718 200 742 248 l.

127 369 379 447 ,Contractusque
401 367 495 465 leget;
518 376 557 440 te,
580 367 673 429 dulcis
696 368 797 439 amice,
822 367 928 428 reviset

144 454 217 516 Cum
241 454 390 534 Zephyris
414 454 438 514 si
462 453 616 526 concedes,
639 461 668 512 et
690 452 850 513 hirundine
873 453 1040 532 prima.—

144 539 210 600 Non
234 558 294 618 quo
317 556 400 599 more
423 539 495 618 piris
518 538 595 598 vesci
618 536 742 598 Calaber
763 536 845 598 iubet
833 538 975 616 thospes

144 625 189 685 Tn
212 643 260 686 me
282 624 377 685 fecisti
380 624 589 725 locupletem:
611 616 759 695 ‘,Vescere
782 617 887 684 sodes?
1106 629 1134 679 15

141 701 215 770 ‘lam
237 711 307 771 satis
329 699 390 770 est.
434 704 485 769 ‘At
507 719 538 770 tu
562 717 706 786 quantum
728 708 770 768 vis
792 704 879 768 tolle?
923 701 1087 785 ‘Benigne

142 786 252 855 ‘Non
245 795 336 856 invisa
359 795 437 854 leros
459 793 559 873 pueris
581 793 758 854 munuscula
781 784 894 873 parris.³

141 873 227 940 ‘Tam
250 889 356 941 teneor
378 879 467 954 dono,
490 897 578 957 quam
601 878 625 940 si
647 878 778 939 dimittar
799 869 940 940 onustus?

143 957 196 1024 ‘Ut
217 963 304 1038 libet;
327 964 399 1024 haec
421 965 520 1042 porcis
542 963 629 1024 hodie
652 965 833 1025 comedenda
857 957 1024 1039 relinques?

147 1048 292 1129 Prodigus
315 1058 345 1109 et
366 1049 472 1110 stultus
495 1050 586 1111 donat
609 1066 684 1127 quae
707 1050 822 1127 spernit
844 1061 873 1109 et
896 1048 971 1122 odit;
1106 1055 1134 1106 20

147 1134 226 1196 llaec
249 1153 333 1213 seges
355 1134 488 1212 ingratos
510 1134 578 1195 tulit
600 1143 629 1194 et
651 1134 726 1196 leret
748 1134 887 1195 omnibus
909 1133 1006 1194 annis.

148 1218 199 1280 Vir
220 1219 318 1291 bonus
341 1228 371 1279 et
392 1219 511 1298 sapiens
533 1220 630 1298 dignis
653 1219 693 1280 ait
715 1238 779 1281 esse
801 1229 930 1299 paratus,

148 1304 208 1365 Nec
230 1313 327 1365 tamen
352 1304 469 1384 ignorat
492 1304 561 1382 quid
585 1304 695 1365 distent
717 1323 784 1366 acra
808 1305 917 1385 lupinis
925 1322 933 1377 ;

149 1389 277 1468 Dignum
301 1389 456 1468 praestabo
480 1409 526 1450 me
549 1391 635 1450 etiam
659 1408 713 1468 pro
737 1389 822 1450 laude
846 1389 995 1451 merentis.

148 1474 261 1545 Quodsi
285 1493 331 1536 me
355 1475 438 1535 noles
460 1493 585 1553 usquam
609 1475 770 1548 discedere,
793 1474 897 1535 reddes

149 1559 238 1621 Forte
260 1560 346 1634 latus,
369 1560 471 1638 nigros
493 1568 615 1640 angusta
638 1560 736 1620 fronte
759 1559 889 1638 capillos,

149 1644 266 1706 Reddes
287 1646 373 1707 dulce
396 1645 487 1724 loqui,
509 1646 614 1706 reddes
635 1645 732 1704 ridere
755 1643 897 1705 decorum
920 1654 949 1704 et

149 1729 231 1790 lnter
252 1730 319 1791 rina
342 1732 440 1809 lugam
464 1730 587 1791 Cinarae
611 1747 741 1790 maerere
764 1738 927 1808 protervae.
952 1764 992 1774 -

151 1813 240 1875 Forte
261 1833 316 1895 per
338 1825 491 1894 angustam
513 1815 611 1876 tenuis
635 1815 787 1893 vulpecula
810 1815 914 1875 rimam

152 1899 294 1980 llepserat
315 1901 345 1961 in
370 1919 518 1961 cumeram
542 1900 684 1962 frumenti
706 1910 847 1979 pastaque
870 1917 974 1959 rursus

152 1983 197 2044 lre
221 1985 299 2046 foras
320 1985 410 2064 pleno
432 1986 572 2047 tendebat
580 2003 721 2090 corpore
743 1988 867 2060 frustra3

152 2069 206 2130 Cui
228 2072 352 2154 mustela
376 2065 511 2150 procul
515 2073 538 2133 si
561 2067 612 2132 vis’
636 2072 675 2131 ait
694 2065 839 2149 ‘effugere
861 2070 958 2142 istinc,

152 2154 249 2216 lllacra
272 2143 374 2241 caium
396 2164 519 2236 repetes
534 2169 639 2230 artum,
662 2175 750 2235 quem
774 2174 872 2216 macra
894 2148 1016 2216 subisti.³

153 2239 214 2300 llac
236 2259 291 2319 ego
315 2241 339 2302 si
361 2242 553 2321 compellor
546 2242 683 2321 imagine,
708 2251 814 2302 cuncta
837 2239 971 2318 resigno;

150 2324 211 2386 Nec
233 2343 370 2387 somnum
395 2327 490 2405 plebis
512 2327 599 2387 lando
623 2336 705 2387 satur
726 2325 848 2386 altilium
873 2344 928 2386 nec

150 2408 218 2470 Otia
241 2409 347 2472 divitiis
370 2411 500 2471 Arabum
524 2411 673 2471 liberrima
696 2421 788 2471 muto.
812 2445 853 2454 -

150 2494 246 2574 Saepe
267 2496 468 2556 verecundum
493 2495 616 2557 laudasti
639 2513 750 2571 rexque
772 2502 915 2573 paterque

151 2579 264 2640 Audisti
288 2598 387 2641 coram
412 2599 467 2640 nec
488 2581 579 2640 verbo
602 2579 720 2659 parcius
743 2578 858 2652 absens,

151 2663 279 2810 lnsppce,
302 2667 326 2726 si
349 2684 469 2745 possum
492 2665 599 2726 donata
622 2682 768 2744 reponere
791 2664 895 2725 laetus.

153 2748 218 2810 Hau
260 2750 336 2811 male
359 2751 561 2826 Telemachus,
585 2749 684 2830 proles
706 2749 844 2828 patientis
866 2749 956 2810 Ulixi:

148 2831 229 2894 ‘Non
254 2843 298 2896 est
320 2847 406 2915 aptus
429 2836 513 2914 equis
534 2835 633 2896 Ithace
655 2835 748 2908 locus,
772 2846 805 2895 ut
827 2853 924 2912 neque
947 2835 1041 2914 planis

153 2919 312 2982 Porrectus
334 2922 435 3019 spatiis
459 2940 514 2982 neo
537 2920 612 2980 mult
600 2930 646 2980 tae
667 2921 810 2999 prodigus
832 2919 949 2994 herbae,

153 3004 264 3079 Atride,
286 3009 379 3086 magis
401 3016 467 3085 apta
489 3007 542 3068 tibi
565 3016 614 3066 tna
637 3005 714 3065 dona
738 2999 921 3083 relinquam?

155 3089 278 3150 Parrum
302 3111 389 3171 parva
412 3091 533 3153 decent:
557 3090 658 3151 mihi'
651 3108 709 3150 ram
733 3109 792 3151 non
817 3089 897 3169 regia
920 3089 1020 3157 Roma,

152 3174 212 3235 Sed
234 3194 358 3236 vacnum
380 3177 474 3238 Tibur
494 3177 588 3257 placet
610 3185 660 3236 aut
682 3174 790 3236 inbelle
813 3175 944 3236 'larentu
912 3183 984 3236 tum.
1009 3209 1047 3219 -
1114 3184 1142 3233 45

155 3258 302 3322 Strenuus
325 3271 355 3323 et
376 3263 460 3323 sortis
482 3263 637 3339 causisque
659 3259 814 3339 Philippus
832 3260 954 3340 agendis

155 3343 267 3419 Clarus,
290 3347 326 3407 ab
351 3347 454 3409 officiis
477 3355 607 3408 octavam
630 3345 747 3406 circiter
769 3345 871 3406 horam

156 3428 231 3491 llum
253 3432 330 3492 redit
351 3442 439 3510 atque
461 3434 525 3493 loro
550 3431 671 3492 nimium
695 3430 804 3491 distare
827 3430 947 3491 Carinas

157 3683 200 3735 llll
217 3701 241 3737 o
260 3686 292 3736 22
311 3686 426 3750 paratum
447 3684 481 3746 (v)
497 3682 501 3748 Ι
518 3685 549 3735 25
568 3681 652 3734 nolles
667 3682 671 3748 Ι
688 3683 720 3735 29
739 3681 884 3747 vulpecula]
903 3683 967 3733 libri
985 3682 1019 3742 ot.
1038 3682 1086 3732 Fr.
1098 3681 1143 3732 Ja-

103 3754 131 3803 da
149 3767 216 3806 mur.
235 3699 344 3818 pbil.p,1
356 3751 420 3803 1827
437 3767 465 3816 p.
475 3753 591 3815 29'quq.
602 3751 701 3814 (Verm.
713 3749 789 3801 Sclrr
801 3749 954 3815 V98rqq.;)
973 3755 1024 3800 oct
1043 3754 1097 3800 ont.
1117 3766 1142 3804 a.

101 3822 136 3872 35
155 3837 181 3870 n.
202 3822 272 3886 bssp
275 3789 349 3874 ,466
373 3820 401 3883 (l.
423 3819 439 3871 l.
458 3817 510 3870 Vlll
529 3821 650 3884 nuspa)
672 3818 701 3870 G
722 3819 765 3871 W.
783 3817 894 3869 Nltzsclr
910 3816 1003 3883 pbilol
1025 3820 1055 3872 12
1072 3833 1099 3883 p.
1113 3819 1141 3869 6.

101 3886 182 3940 ledula
200 3887 286 3941 Bantl.
302 3887 306 3957 Ι
323 3890 355 3941 30
374 3902 499 3940 cameram
517 3885 554 3956 (v)
570 3888 574 3954 Ι
590 3890 621 3940 41
640 3886 741 3938 ithacae

121 3977 238 4024 Horatius.
912 3972 941 4023 13
