2640 4372
496 194 668 248 GARllllNUlll
685 196 705 247 ll
725 200 765 251 10.
786 201 825 250 11.

255 370 377 448 Saepius
392 370 487 431 ventis
502 369 629 448 agitatur
643 370 750 449 ingens

184 464 214 515 10
262 456 351 516 Pinus
366 464 395 515 et
410 455 503 516 celsae
518 455 650 532 graviore
665 473 735 516 casu

256 541 403 600 llecidunt
417 550 515 600 turres
530 540 700 618 feriuntque
716 559 847 601 summos

329 625 458 704 Fulgura
475 624 593 686 montis.

256 742 362 822 Sperat
377 743 501 816 infestis,
517 743 620 804 metuit
635 743 773 804 secundis

256 828 385 889 Alteram
400 837 510 889 sortem
526 827 602 888 benc
617 837 824 906 praeparatum

182 921 209 971 15
259 913 374 976 Pectus.
404 912 544 973 Informis
558 913 669 973 hiemes
685 913 799 974 reducit

330 997 474 1077 luppiter,
490 998 567 1058 idem

255 1114 429 1191 Submovet;
447 1135 519 1189 non,
535 1115 558 1175 si
575 1114 651 1175 male
668 1134 757 1187 nuno,
774 1122 803 1174 et
819 1114 887 1175 olim

254 1200 302 1259 Sic
318 1201 388 1261 erit:
406 1199 556 1278 quondam
572 1199 682 1259 cithara
699 1208 845 1260 tacentem

255 1285 383 1346 Suscitat
398 1286 508 1345 Musam
526 1302 624 1362 neque
639 1304 757 1365 semper
771 1303 873 1345 arcum

181 1377 209 1429 Ἃ)
329 1370 437 1431 Tendit
452 1369 566 1449 Apollo.
584 1406 625 1415 -

255 1487 356 1549 Rebus
371 1488 504 1567 angustis
519 1487 670 1549 animosus
685 1497 772 1566 atque

254 1573 351 1635 Fortis
367 1591 485 1652 appare,
501 1573 651 1652 sapienter
667 1572 743 1633 idem

257 1658 418 1720 Contrahes
434 1668 522 1719 vento
538 1658 662 1719 nimium
677 1658 808 1719 secundo

334 1744 464 1823 'lurgida
479 1743 550 1803 vela.

643 1993 682 2053 Xl

253 2114 329 2185 Quid
347 2113 503 2173 bellicosus
519 2111 665 2172 Cantaber
680 2118 709 2170 et
725 2108 857 2188 Scythes,

253 2198 378 2275 Hirpine
395 2196 526 2268 Quincti,
542 2196 651 2274 cogitet
666 2194 774 2255 Hadria

293 2282 409 2343 Divisus
425 2281 550 2355 obiecto,
567 2280 699 2341 remittas

348 2366 498 2437 Quaerere
514 2384 571 2426 uec
586 2366 715 2445 trepides
730 2365 759 2425 in
778 2382 863 2425 usum

192 2495 207 2543 a
251 2485 406 2561 Poscentis
420 2486 482 2546 aevi
497 2504 607 2564 pauca:
625 2485 699 2564 sugit
713 2492 795 2544 retro

252 2569 337 2631 Levis
352 2570 485 2632 iuventas
501 2580 530 2632 et
545 2572 646 2645 decor,
662 2570 742 2631 arida

295 2656 426 2716 Pellente
441 2657 564 2718 lascivos
580 2675 695 2717 amores

347 2741 459 2802 (lanitio
474 2742 648 2819 facilemque
665 2756 813 2801 somnum.
832 2773 873 2781 —

248 2861 315 2920 Non
331 2879 449 2939 semper
463 2860 539 2920 idem
556 2858 679 2918 floribus
695 2869 740 2918 est
754 2858 852 2916 honor

177 2954 206 3004 10
250 2945 355 3005 Vernis
371 2963 469 3022 neque
483 2963 545 3003 uno
561 2944 631 3002 luna
647 2941 758 3002 rubens
775 2940 850 2999 nitet

296 3029 398 3088 Vultu:
416 3029 486 3106 quid
502 3028 631 3088 aeternis
647 3027 794 3087 minorem

347 3113 483 3174 Consiliis
499 3112 629 3173 animum
647 3107 771 3191 fatigas?

252 3231 312 3294 Cur
327 3251 387 3292 non
404 3231 459 3292 sub
474 3231 531 3292 alta
546 3231 591 3292 vel
605 3231 723 3311 platano
740 3231 784 3292 vel
798 3229 852 3289 hac

252 3316 327 3377 Pinu
342 3317 472 3377 iacentes
486 3317 529 3377 sic
543 3325 653 3377 temere
668 3327 779 3378 etrosa

183 3410 211 3460 15
297 3401 393 3463 Canos
409 3401 523 3461 odorati
539 3401 668 3480 capillos

349 3487 426 3546 llum
441 3486 519 3560 licet,
535 3486 712 3566 Assyriaque
729 3487 821 3547 nardo

207 3735 271 3787 lla.
290 3740 305 3790 9
324 3737 425 3788 saeuius
449 3739 503 3800 (vll
524 3738 564 3790 ed.
583 3738 740 3805 Rothomag.
759 3756 783 3790 a.
804 3741 882 3800 17013
901 3739 1073 3789 Burmannus
1090 3741 1128 3790 od
1147 3741 1197 3798 θυ.

120 3803 181 3854 Her.
199 3802 269 3856 XIV
282 3805 317 3857 39
332 3805 336 3872 Ι
354 3807 385 3858 18
404 3805 516 3857 citharae
534 3804 571 3874 (v)

206 3871 240 3922 lll
258 3889 281 3924 v.
303 3877 333 3926 16
352 3873 502 3940 assyrioque
520 3876 556 3938 (o)
