2640 4372
554 235 727 288 GARllllNUhl
744 237 774 289 lll
793 242 816 291 4.

273 403 441 484 Utcumque
460 424 572 466 mecum
589 427 639 468 vos
655 408 744 480 erilis,
761 410 855 472 libens

272 487 472 551 Insanientem
490 492 583 552 navita
600 493 785 571 Bosphorum

203 575 207 582 '
319 576 481 654 Temptaho
498 585 527 636 et
542 578 655 638 urentis
670 579 795 639 harenas

371 661 480 722 Litoris
496 662 605 740 Assyrii
620 663 722 735 viator,

272 776 367 838 Visam
384 780 542 840 Britannos
558 780 723 859 hospitibus
738 782 817 842 seros

272 861 309 922 Et
324 864 434 924 laetum
450 865 559 943 equino
576 866 721 942 sanguine
737 866 918 944 Concanum,

315 949 410 1009 Visam
426 950 609 1028 pharetratos
625 950 754 1011 Gelonos

370 1034 407 1094 El
422 1035 590 1114 Scythicum
606 1035 762 1095 inviolatus
779 1055 905 1098 amnem.

271 1150 327 1210 Vos
343 1152 493 1213 Caesarem
509 1153 607 1225 altum,
624 1154 723 1214 militia
739 1155 825 1215 simul

271 1234 373 1298 Fessus
389 1238 526 1298 cohortes
541 1238 650 1298 abdidit
666 1239 791 1317 oppidis,

302 1321 338 1389 ,F
340 1323 416 1382 inire
432 1331 622 1401 quaerentem
637 1323 762 1397 labores,

368 1407 463 1467 Pierio
479 1409 618 1468 recreatis
634 1419 736 1482 antro;

269 1523 327 1583 Vos
342 1524 410 1585 lene
427 1525 581 1584 consilium
599 1532 628 1584 et
643 1526 717 1586 datis
732 1537 761 1585 et
773 1527 839 1587 dato

270 1606 419 1681 Gaudetis,
434 1609 535 1668 almae.
567 1610 690 1681 Scimus,
707 1620 740 1669 ut
755 1611 861 1688 impios

315 1693 434 1753 Titanas
450 1693 658 1770 inmanemque
674 1695 789 1754 turbam

367 1778 500 1838 Fulmine
516 1779 666 1839 sustulerit
683 1780 803 1851 caduco,

268 1894 324 1963 Oui
341 1905 448 1957 terram
465 1896 601 1967 inertem,
618 1897 667 1974 qui
685 1915 764 1957 mare
780 1905 922 1977 temperat

266 1978 427 2042 Ventosum
445 1991 473 2041 et
489 1981 570 2041 urhis
585 2000 736 2060 regnaque
752 1983 843 2043 tristia

311 2067 458 2144 Divosque
471 2066 659 2144 mortalisque
677 2076 786 2127 turmas

361 2151 488 2230 lmperio
505 2151 581 2229 regit
596 2170 673 2212 unus
689 2170 793 2229 aequo.
811 2187 850 2196 -

262 2265 401 2347 Magnum
418 2270 465 2330 illa
482 2278 625 2329 terrorem
643 2270 782 2330 intulerat
796 2270 855 2330 lovi

265 2350 371 2414 Fidens
387 2355 523 2415 iuventus
539 2354 657 2414 horrida
673 2354 818 2416 bracchiis

308 2439 485 2516 Fratresque
501 2438 656 2498 tendentes
673 2457 764 2517 opaco

360 2523 460 2583 Pelion
478 2522 651 2601 imposuisse
668 2523 804 2601 Olympo.

262 2639 319 2700 Sed
335 2640 405 2718 quid
421 2641 578 2718 Typhoeus
593 2649 621 2698 et
637 2640 747 2700 validus
761 2640 862 2701 lllimas

262 2725 320 2784 Aut
336 2725 405 2802 quid
421 2724 529 2784 minaci
545 2724 730 2803 Porphyrion
748 2734 834 2798 statu,

308 2809 383 2880 Quid
400 2810 532 2870 Rhoetus
547 2810 710 2887 evolsisque
725 2811 839 2870 truncis

359 2895 523 2956 Enceladus
538 2894 679 2954 iaculator
694 2895 785 2956 audax

261 3012 370 3073 Contra
386 3022 541 3074 sonantem
558 3012 682 3072 Palladis
698 3013 797 3091 aegida

260 3097 385 3159 Posseut
400 3095 542 3158 ruentes?
558 3097 629 3157 hinc
645 3098 745 3158 avidus
760 3098 840 3158 stetit

307 3183 462 3256 Volcanus,
478 3183 548 3242 hinc
564 3192 699 3242 matrona
715 3181 790 3242 luno
807 3194 835 3242 et

356 3268 520 3344 Numquam
537 3267 646 3328 umeris
664 3267 814 3345 positurus
829 3286 939 3341 arcum,

256 3384 314 3455 Qui
331 3404 399 3445 rore
415 3404 488 3463 puro
505 3385 643 3446 Castaliae
659 3385 726 3445 lavit

258 3469 353 3530 Crinis
369 3470 489 3543 solutos
506 3471 556 3546 qui
572 3470 677 3549 Lyciae
693 3478 775 3529 tenet

302 3555 424 3615 llumeta
442 3554 625 3632 natalemque
642 3554 752 3625 silvam,

357 3640 455 3700 [lelius
471 3650 500 3700 et
516 3640 654 3699 Patareus
670 3638 784 3717 Apollo.
802 3671 841 3680 -

212 3769 246 3820 tv
272 3787 296 3820 o.
325 3773 356 3824 31
376 3773 488 3836 arentils.
508 3774 545 3835 els
563 3773 597 3835 (o)
622 3770 626 3838 Ι
650 3772 681 3823 38
709 3771 793 3823 lessus
814 3775 849 3835 (u)
871 3771 1017 3821 Lambinus
1041 3770 1045 3833 Ι
1069 3767 1199 3820 addiditv

124 3837 237 3959 {epssdicdiit
245 3839 309 3956 ‘pipi
326 3841 358 3891 43
378 3844 484 3891 turmam
504 3841 538 3903 (υ)
554 3842 558 3905 Ι
574 3841 604 3890 47
625 3840 711 3890 turbas
731 3836 736 3907 1
758 3842 788 3892 51
808 3845 915 3904 opaeum
934 3839 992 3888 coll.
1012 3837 1085 3888 Hom.
1100 3837 1146 3890 Od.
1168 3836 1200 3888 lll
