2640 4372
458 205 630 259 GARMlNUM
649 209 668 260 ll
687 211 710 261 3.
729 213 753 263 4.
773 212 795 262 5.

226 370 336 436 Omnes
351 376 453 436 eodem
470 378 612 456 cogimur,
629 380 760 440 omnium

220 458 359 520 Versatur
373 479 448 520 urna
463 462 557 523 serius
573 463 655 523 ocius

262 545 333 605 Sors
348 546 460 606 exitura
477 558 505 606 ct
521 566 576 607 nos
591 548 622 608 in
639 558 793 610 aeternum

307 628 433 690 Exilium
449 631 620 710 impositura
636 633 768 695 cumbae.

605 885 641 944 lV

217 999 260 1059 Ne
275 1001 313 1060 sit
327 1001 451 1061 ancillae
466 1001 518 1062 tibi
534 1020 616 1062 amor
631 1004 747 1082 pudori,

215 1082 340 1145 Xanthia
358 1086 491 1146 l‘hoceul
508 1088 590 1166 prius
605 1088 786 1151 insolentem
882 1154 884 1161 ,

215 1168 302 1230 Serva
319 1170 426 1231 Briseis
442 1171 527 1232 niveo
544 1172 642 1232 colore

287 1255 375 1315 Movit
390 1256 540 1329 Achillem,

214 1372 303 1433 Movit
318 1373 434 1433 Aiacem
450 1373 609 1435 Telamone
627 1387 726 1435 natum

212 1456 319 1517 Forma
333 1459 461 1535 captivae
478 1459 630 1519 dominum
647 1460 829 1534 Tecmessae,

212 1543 291 1602 Arsit
306 1542 422 1602 Atrides
438 1543 533 1603 medio
549 1543 579 1613 in
597 1545 747 1622 triumpho

291 1626 410 1704 Virgine
426 1637 518 1704 rapta,

216 1743 363 1804 Barbarae
379 1754 534 1824 postquam
551 1745 683 1806 cecidere
698 1756 812 1806 turmae

211 1829 351 1890 Thessalo
367 1830 476 1890 victore
491 1841 520 1890 et
536 1829 689 1908 ademptus
704 1831 814 1891 llector

210 1914 340 1976 Tradidit
355 1914 439 1975 fessis
454 1915 562 1975 leviora
577 1914 641 1974 tolli

285 2000 424 2078 Pergama
442 1999 532 2063 Grais.
551 2034 591 2044 -

208 2118 326 2179 Nescias
342 2136 378 2178 an
395 2128 424 2178 te
438 2136 583 2196 generum
598 2118 675 2178 beati

207 2202 347 2283 Phyllidis
362 2203 451 2263 flavae
466 2203 609 2264 decorent
624 2212 779 2281 parentes:

208 2287 330 2366 Regium
348 2297 428 2348 certe
444 2306 538 2365 genus
554 2297 583 2349 et
598 2288 716 2348 Penatis

283 2372 393 2431 llaeret
408 2372 537 2450 iniquos.

208 2485 302 2547 Crede
317 2506 378 2547 non
396 2487 474 2547 illam
490 2488 544 2548 tibi
559 2488 596 2548 de
611 2489 733 2548 scelesta

208 2570 297 2631 Plebe
313 2571 447 2632 dilectam
463 2590 560 2649 neque
576 2571 618 2631 sic
632 2570 757 2642 fidelem,

209 2655 258 2715 Sic
273 2655 355 2715 lucro
372 2673 500 2716 aversam
516 2655 647 2734 potuisse
663 2655 744 2716 nasci

282 2739 374 2800 Matre
389 2740 536 2818 pudenda.

206 2857 345 2918 Bracchia
362 2867 391 2918 et
404 2858 515 2919 voltum
530 2857 689 2937 teretisque
705 2876 788 2920 suras

208 2942 327 3021 lnteger
342 2943 445 3004 laudo:
462 2944 530 3023 luge
546 2944 697 3022 suspicari,

204 3026 293 3090 Cuius
307 3037 440 3088 octavum
457 3029 612 3109 trepidavit
626 3039 704 3090 aetas

280 3113 422 3174 Claudere
437 3114 573 3175 lustrum.

535 3263 687 3275 -——-

599 3364 622 3422 V

202 3483 339 3544 Nondum
355 3485 473 3544 subacta
489 3486 567 3544 serre
583 3483 683 3561 iugum
699 3483 774 3542 valet

203 3567 331 3642 Cervice,
348 3570 480 3629 nondum
496 3568 597 3629 munia
612 3568 758 3645 comparis

249 3655 381 3733 eloquare
399 3671 453 3713 nec
468 3653 544 3713 tauri
561 3653 673 3713 ruentis

291 3738 323 3799 ln
342 3757 479 3799 venerem
495 3737 622 3800 tolerare
638 3739 764 3817 pondus.

72 3841 274 3849 ——-

156 3869 190 3920 lV
207 3888 231 3923 o.
253 3874 283 3925 18
302 3871 425 3923 delectam

123 3963 235 4005 Horatius.
