2640 4372
498 201 538 254 llll
556 202 644 254 ARTE
663 201 810 256 pourton.
1133 201 1199 271 233

205 376 248 435 Ex
271 382 342 435 uoto
365 377 466 436 lictum
489 392 607 436 carmen
631 392 747 453 sequar,
772 385 803 436 nt
825 373 882 436 sibi
905 376 999 455 quivis
1152 389 1196 439 240

205 461 312 539 Speret
336 461 424 532 idem,
447 460 532 522 sudet
552 460 676 520 multum
700 461 868 540 frustraque
891 461 1005 522 laboret

205 549 302 607 Ausus
325 546 421 619 idem;
443 554 556 606 tantum
581 545 672 607 series
693 546 890 624 iuncturaque
913 547 1013 626 pollet,

205 633 333 692 Tantum
356 630 512 691 demedio
535 631 659 710 sumptis
682 632 794 692 accedit
815 632 946 693 honoris.

209 716 294 778 Silvis
316 715 433 777 deducti
457 726 578 777 caveant
600 735 647 775 mo
670 716 766 777 iudice
789 716 893 790 Fauni,

207 803 251 864 Ne
272 801 353 861 velut
375 801 470 862 innati
492 801 584 862 triviis
606 819 639 862 ac
662 819 757 880 paene
779 802 914 863 forenses
1153 813 1199 864 alb

209 889 268 946 Aut
290 886 414 946 nimium
438 887 547 947 teneris
569 886 749 947 iuvenentur
770 887 903 948 versibus
926 905 1065 965 umquam

206 973 265 1032 Aut
287 971 430 1032 inmunda
453 979 576 1050 crepent
599 972 856 1050 ignominiosaque
878 972 970 1047 dicta;

208 1057 410 1118 Ostenduntur
432 1057 521 1129 enim,
545 1057 654 1135 quibus
676 1066 721 1118 est
743 1076 836 1135 equus
859 1066 888 1118 et
911 1066 995 1136 pater
1017 1067 1046 1118 et
1067 1076 1125 1133 res,

207 1142 277 1214 Nec,
300 1141 398 1220 siquid
420 1141 497 1202 fricti
520 1142 626 1203 ciceris
648 1140 754 1222 probat
776 1152 806 1204 et
828 1144 913 1204 nucis
936 1152 1061 1222 emptor,

208 1227 318 1304 Aequis
341 1227 490 1306 accipiunt
512 1228 617 1288 animis
639 1229 788 1288 donantve
810 1246 930 1289 corona.
953 1261 994 1272 -
1155 1239 1199 1290 aab

209 1312 325 1392 Syllaba
349 1312 436 1392 longa
459 1313 541 1372 brevi
564 1312 696 1373 subiecta
718 1323 840 1374 vocatur
861 1313 985 1386 iambus

208 1397 263 1458 Pes
285 1397 375 1472 citus;
399 1397 479 1458 uode
503 1398 589 1457 etiam
614 1398 755 1459 trimetris
777 1399 949 1459 adcrescere
972 1399 1056 1460 iussit

207 1483 322 1542 Nomen
345 1482 476 1556 iambeis,
499 1500 566 1543 cum
590 1502 678 1543 senos
701 1483 837 1544 redderet
859 1484 935 1544 ictus

209 1568 325 1627 Primus
348 1568 382 1627 ad
407 1576 570 1628 extremum
593 1567 695 1629 similis
717 1568 781 1629 sibi.
819 1569 886 1629 Non
910 1569 949 1628 ita
971 1568 1096 1646 pridem,

208 1652 333 1712 Tardior
355 1661 388 1713 ut
410 1652 509 1732 paullo
532 1653 708 1732 graviorque
730 1655 845 1714 veniret
866 1654 900 1713 ad
925 1654 1013 1726 auris,
1154 1663 1201 1714 255

211 1738 367 1817 Spondeos
389 1736 502 1799 stabilis
524 1739 554 1798 in
579 1739 640 1798 iura
664 1748 787 1818 paterna
810 1739 924 1818 recepit

213 1822 392 1884 Commodus
414 1831 443 1884 et
464 1823 589 1901 patiens,
613 1842 674 1883 uon
698 1833 732 1884 ut
753 1824 789 1884 de
812 1824 881 1886 sede
902 1823 1033 1884 secunda

210 1907 333 1968 Cederet
355 1916 405 1968 aut
427 1916 531 1985 quarta
553 1908 708 1970 socialiter.
753 1908 807 1970 Hic
830 1917 860 1968 et
882 1908 912 1968 iu
936 1909 1007 1969 Acci

209 1990 365 2054 Nobilibus
386 1992 528 2055 trimetris
550 1993 671 2072 adparet
692 2013 777 2056 rarus
799 2002 828 2055 et
850 1992 929 2055 Enni

211 2079 244 2138 ln
268 2095 405 2139 scaenam
428 2079 534 2140 missos
556 2097 622 2140 cum
647 2097 755 2158 magno
778 2079 912 2158 pondere
933 2096 1036 2140 versus
1157 2086 1200 2136 nto

211 2164 270 2224 Aut
292 2181 399 2242 operae
422 2164 526 2226 celeris
549 2165 672 2226 nimium
697 2183 827 2244 curaque
850 2164 980 2225 carentis
1186 2181 1187 2184 ’

210 2249 269 2308 dut
291 2248 444 2327 ignoratae
466 2250 574 2329 premit
596 2251 666 2312 artis
689 2251 811 2311 crimine
833 2250 923 2329 turpi.

209 2332 276 2393 Non
301 2334 395 2411 quivis
417 2333 495 2395 ridet
517 2335 697 2396 inmodulata
720 2343 855 2415 poemata
878 2334 976 2405 iudex,

210 2417 248 2477 Et
270 2417 334 2477 data
358 2417 499 2479 Romanis
520 2419 605 2479 venia
629 2430 673 2480 est
695 2420 816 2496 indigna
840 2419 945 2497 poetis.

212 2502 366 2562 ldcircooe
388 2519 477 2579 vager
499 2503 685 2582 scribamque
707 2500 853 2564 licenter?
877 2521 913 2563 au
939 2501 1037 2562 omnis
1160 2509 1206 2560 265

211 2587 332 2648 Visuros
354 2595 474 2665 peccata
495 2597 597 2666 putem
620 2606 694 2660 mea,
716 2596 797 2648 tutus
820 2596 850 2646 et
871 2588 948 2647 intra

213 2673 303 2751 Spem
326 2672 428 2733 veniae
450 2670 576 2733 cautus‘l
598 2673 683 2733 vitavi
706 2672 835 2750 denique
857 2672 984 2751 culpam,

212 2759 278 2818 Nou
303 2757 417 2818 laudem
441 2757 551 2819 merui:
575 2776 627 2819 vos
649 2757 824 2837 exemplaria
847 2755 955 2817 Graeca

211 2843 363 2904 Nocturna
385 2852 498 2904 versate
519 2860 620 2916 mauu,
643 2851 757 2904 versate
779 2842 894 2903 diurna.

211 2928 249 2988 At
270 2927 357 2988 vestri
380 2929 483 3008 proavi
505 2927 658 2989 Plautinos
680 2936 710 2988 et
732 2945 872 2989 numeros
895 2936 924 2987 et
1160 2933 1208 2982 270-

211 3013 380 3074 Laudavere
403 3014 488 3087 sales,
512 3014 635 3074 nimium
658 3012 808 3093 patienter
828 3021 998 3091 utrumque,

210 3097 254 3158 Ne
276 3098 370 3158 dicam
392 3099 490 3173 stulte,
513 3099 619 3171 mirati,
642 3099 666 3160 si
688 3098 777 3158 modo
800 3116 855 3178 ego
878 3106 908 3157 et
928 3116 980 3157 vos

212 3182 327 3243 Scimus
349 3183 529 3245 inurbanum
553 3184 650 3262 lepido
673 3201 819 3263 seponere
842 3184 920 3243 dicto

212 3266 451 3347 Legitimumque
473 3286 580 3330 sonum
603 3268 701 3346 digitis
724 3268 863 3329 callemus
886 3277 916 3329 et
939 3284 1019 3328 aure.
1043 3299 1083 3310 -

214 3351 353 3430 Ignotum
376 3354 505 3434 tragicae
527 3373 621 3432 genus
642 3353 791 3415 invenisse
816 3352 961 3414 Camenae
1158 3356 1205 3407 tto

211 3435 325 3497 Dicitur
348 3445 377 3498 et
398 3438 537 3518 plaustris
558 3439 670 3500 vexisse
692 3449 829 3519 poemata
851 3437 976 3517 Thespis

122 3555 330 3565 ———-

210 3637 233 3675 o.
253 3623 302 3674 252
321 3620 441 3673 accedere
459 3623 557 3687 Porplc.
578 3621 582 3690 Ι
602 3623 699 3675 iussum
717 3622 750 3673 M
760 3620 848 3688 praef.
867 3623 907 3674 od.
925 3638 951 3674 a.
973 3620 1038 3673 rata
1054 3633 1080 3682 p.
1098 3615 1174 3668 LXIX
1194 3613 1199 3675 l

126 3690 176 3743 253
194 3704 297 3742 momen
315 3688 472 3740 diotmarus
488 3693 514 3739 ot
528 3689 657 3744 [iconomo
674 3707 717 3757 up.
736 3690 820 3753 ntor,
839 3695 867 3741 at
886 3688 921 3752 as.
935 3688 987 3741 ΑΚ
1007 3687 1010 3755 l
1035 3688 1085 3740 256
1103 3683 1202 3736 alterna

127 3757 186 3810 Vat.
208 3757 358 3810 Slotbower
384 3762 435 3810 act.
459 3757 511 3810 titt.
538 3763 627 3808 societ.
654 3758 874 3813 libano-Proieci.
903 3761 927 3823 3,
956 3760 1019 3815 191;
1040 3754 1066 3809 0.
1084 3754 1117 3806 F.
1136 3752 1201 3803 Her·

124 3840 207 3876 mann
224 3827 320 3880 Pnitot.
341 3828 381 3891 lb,
400 3827 450 3879 233
460 3843 499 3892 sq.
516 3823 520 3892 Ι
536 3826 586 3878 265
597 3842 654 3892 sqq.
673 3826 787 3890 licenter,
806 3841 838 3878 an
851 3862 858 3878 .
871 3863 879 3878 .
891 3829 967 3878 mea‘l
988 3831 1058 3876 tutus
1071 3859 1077 3876 .
1091 3862 1097 3874 .
1110 3826 1205 3872 cautus

125 3892 157 3962 (s.
176 3897 285 3960 cautus)
308 3895 388 3947 vitavi
406 3893 610 3945 Doederleinius
637 3901 641 3958 Ι
669 3895 717 3947 273
736 3894 831 3946 dictum
849 3896 885 3959 (o)
