2640 4372
493 209 665 262 GARMlNUM
684 210 692 261 l
712 213 751 264 16.
771 214 810 262 Π.

250 382 356 444 Fertur
372 383 565 444 Prometheus
580 383 685 444 addere
701 382 831 461 principi

250 469 332 529 Limo
348 478 467 529 coactus
482 468 655 546 particulam
673 467 802 545 undique

296 554 446 615 Desectam
463 563 491 613 et
507 553 603 614 insani
618 552 713 613 leonis

337 638 400 699 Vim
416 638 569 699 stomacho
584 638 754 716 adposuisse
770 646 890 714 nostro;

249 774 312 834 Irae
328 774 474 854 Thyesten
490 774 578 834 exitio
594 773 673 850 gravi

252 858 387 919 Stravere
404 871 433 918 et
448 859 511 919 altis
527 858 650 918 urbibus
665 857 784 917 ultimae

298 945 412 1004 Stetere
428 962 541 1016 causae,
558 961 610 1003 cur
625 942 758 1021 perirent

339 1028 483 1090 Funditus
498 1028 739 1107 imprimeretque
753 1026 846 1087 muris

251 1165 363 1226 Hostile
378 1173 506 1224 aratrum
523 1165 669 1224 exercitus
685 1163 825 1223 insoleus.
842 1195 879 1207 -

252 1250 412 1328 Compesce
427 1259 572 1309 mentem:
590 1267 637 1309 me
653 1267 771 1327 quoque
787 1247 917 1326 pectoris

298 1335 462 1414 Temptavit
477 1335 507 1394 in
524 1333 601 1393 dulci
618 1334 734 1393 iuventa

340 1420 452 1480 Fervor
467 1427 496 1478 et
511 1418 541 1477 in
558 1418 668 1478 celeres
684 1417 796 1477 iambos

253 1554 331 1615 Misit
345 1556 509 1627 furentem;
527 1571 608 1613 nunc
623 1570 677 1629 ego
693 1551 814 1611 mitibus

252 1639 365 1699 Mutare
381 1656 490 1716 quaero
507 1637 608 1708 tristia,
625 1637 693 1696 dum
710 1637 779 1695 mihi

299 1724 364 1784 Fias
379 1722 537 1783 recantatis
552 1722 643 1782 amica

341 1806 516 1887 Opprobriis
531 1807 721 1885 animumque
737 1805 850 1865 reddas.

621 2110 698 2170 XVll

252 2231 342 2292 Velox
358 2250 515 2292 amoenum
531 2249 618 2309 saepe
632 2227 811 2289 Lucretilem

159 2392 162 2397 Ι
253 2316 345 2376 Mutat
359 2315 473 2395 Lycaeo
490 2316 609 2375 Faunus
625 2323 654 2374 et
668 2314 785 2392 igneam

299 2400 436 2460 Uelendit
451 2409 590 2459 aestatem
606 2399 723 2476 capellis

341 2483 440 2561 Usque
456 2485 529 2544 meis
545 2483 718 2561 pluviosque
732 2488 854 2551 ventos;

254 2597 378 2675 lmpune
394 2606 489 2658 tutum
505 2616 560 2676 per
575 2616 680 2658 nemus
695 2597 815 2658 arbutos

254 2680 408 2751 Quaerunt
423 2683 541 2743 latentis
556 2690 586 2742 et
599 2683 698 2762 thyma
714 2682 812 2743 deviae

300 2765 414 2828 Olentis
430 2785 537 2828 uxores
552 2767 647 2827 mariti

340 2852 401 2912 Nec
416 2853 515 2912 viridis
530 2862 667 2913 metuunt
682 2852 818 2914 colubras

252 2969 313 3029 Nec
327 2969 465 3030 Martialis
480 2970 622 3031 haediliae
637 2970 732 3050 lupos,

252 3053 418 3133 Utcumque
434 3054 521 3128 dulci,
538 3055 676 3136 Tyndari,
692 3057 787 3117 fistula

298 3137 393 3200 Valles
407 3148 437 3200 et
452 3140 567 3201 Usticae
583 3142 718 3203 cubantis

341 3223 426 3283 Levia
443 3243 626 3303 personuere
641 3245 718 3286 saxa.
734 3260 775 3271 —

254 3340 288 3400 ui
304 3358 350 3400 me
365 3349 496 3414 tuentur,
512 3343 556 3403 dis
570 3343 663 3420 pietas
678 3362 741 3403 mea

253 3424 291 3484 Et
305 3425 386 3486 Musa
401 3427 482 3486 cordi
499 3436 550 3487 est.
581 3427 636 3487 Hic
653 3427 703 3486 tihi
721 3430 805 3508 copia

298 3510 428 3570 Manabit
443 3512 478 3571 ad
494 3511 616 3590 plenum
632 3511 764 3592 benigno
1123 3522 1150 3573 15

340 3595 428 3656 Ruris
443 3596 591 3657 honorum
608 3598 745 3676 opulenta
763 3618 874 3678 cornu;

125 3710 327 3721 —-.———.

197 3775 265 3826 'XVl
285 3794 308 3830 o.
328 3782 448 3842 [ra—tt]
466 3781 495 3830 d*
519 3778 523 3845 Ι
545 3782 702 3831 irenaeum
721 3782 870 3847 particulam
888 3781 1008 3847 undique,
1026 3779 1192 3832 coni.Bentl.

210 3843 277 3895 XVll
289 3862 312 3898 v.
327 3850 342 3898 9
355 3846 488 3910 haediliae]
502 3847 537 3909 cf.
547 3848 581 3900 F.
592 3850 720 3899 Bricdeler
730 3854 876 3901 coniectore.
889 3850 973 3900 Bono.
986 3851 1050 3901 1878
1059 3864 1086 3914 p.
1100 3849 1132 3901 22
1141 3863 1192 3911 sq:

124 3909 233 3962 haedilia
250 3912 253 3978 Ι
272 3915 303 3964 14
322 3914 371 3976 hic]
389 3913 440 3982 tol:
459 3915 516 3967 hinc
532 3915 537 3983 Ι
554 3918 584 3968 16
604 3918 698 3968 honore
716 3919 813 3983 Porpd.
