2640 4372
124 236 185 295 150
520 236 709 289 8ΑΤΙΒΑΒΙΙΜ
728 237 738 289 l
758 242 796 292 10.

212 411 289 470 llura
314 409 364 469 tibi
388 410 553 488 peragenda
578 411 620 470 rei
643 410 679 469 sit
703 429 790 470 causa
813 408 932 470 Petilli?

211 495 328 555 Scilicet
350 494 456 555 oblitos
479 496 649 573 patriaeque
673 495 822 574 patrisque
845 495 950 569 Latini,

211 580 283 642 Cum
306 580 413 640 Pedius
436 598 538 641 causas
561 580 683 640 exsudet
706 580 853 660 Poplicola
876 589 963 660 atque

210 665 363 738 Corvinus,
387 666 488 744 patriis
511 666 713 726 intermiscere
737 666 828 745 petita

210 750 303 810 Verba
326 751 397 811 loris
420 751 511 820 malis,
535 749 674 811 Canusini
698 769 780 811 more
803 748 966 829 bilinguis?

208 838 304 914 Atque
327 855 381 914 ego
405 854 472 896 cum
496 835 624 895 Graecos
646 838 782 908 lacerem,
807 845 893 897 natus
916 854 996 897 mare
1020 838 1100 910 citra,

208 921 384 993 Versiculos,
407 921 499 981 vetuit
521 940 568 980 me
590 922 638 980 tali
661 940 733 982 voce
756 921 907 995 Quirinus,

209 1007 279 1068 Post
300 1007 425 1067 mediam
449 1015 566 1066 noctem
589 1007 678 1078 visus,
701 1024 769 1067 cum
792 1009 906 1067 somnia
927 1024 1013 1068 vera:

206 1085 253 1153 ‘ln
277 1093 376 1153 silvam
401 1111 461 1151 non
485 1092 564 1169 ligna
588 1093 664 1153 teras
687 1092 819 1152 insanius
840 1111 875 1152 ac
897 1092 922 1152 si

211 1177 331 1255 llagnas
355 1176 535 1236 Graecorum
559 1176 641 1237 malis
665 1177 785 1255 implere
809 1167 957 1238 catervas'
983 1211 1026 1220 —

210 1264 358 1341 Turgidus
379 1262 504 1341 Alpinus
526 1262 637 1340 iugulat
659 1263 729 1322 dum
752 1261 909 1322 Memnona
933 1262 1063 1341 dumque

210 1348 343 1426 Dilfingit
365 1347 460 1407 Rheni
484 1347 598 1407 luteum
621 1355 718 1426 caput,
743 1347 815 1408 haec
837 1367 892 1426 ego
915 1347 996 1421 ludo,

210 1433 291 1503 Quae
315 1452 411 1511 neque
435 1433 464 1492 in
489 1433 559 1492 aede
582 1442 691 1492 sonent
713 1433 857 1492 certantia
880 1433 975 1493 iudice
999 1432 1092 1511 Tarpa

209 1518 270 1578 Nec
293 1518 415 1579 redeant
436 1518 544 1577 iterum
567 1527 655 1596 atque
678 1519 785 1577 iterum
807 1516 966 1596 spectanda
989 1517 1117 1579 theatris.

210 1606 319 1682 Arguta
343 1603 498 1663 meretrice
522 1614 606 1681 potes
629 1604 767 1681 Davoque
791 1603 946 1663 Chremeta

208 1687 354 1749 Eludente
376 1707 478 1749 senem
502 1689 593 1749 comis
615 1688 727 1766 garrire
749 1687 863 1748 libellos

208 1774 292 1834 Unus
313 1775 454 1846 vivorum,
479 1772 629 1848 Fundani3
654 1773 746 1833 Pollio
769 1792 871 1852 regum

211 1858 298 1919 Facta
321 1860 401 1919 canit
423 1859 497 1937 pede
520 1869 565 1919 ter
587 1877 745 1938 percusso;
768 1860 844 1919 forte
867 1878 938 1937 epos
961 1876 1039 1933 acer,

212 1942 249 2003 Ut
272 1962 370 2017 nemo,
394 1943 498 2003 Varius
520 1944 616 2018 ducit;
640 1945 727 2004 molle
750 1953 839 2022 atque
862 1945 988 2003 facetum

214 2028 338 2107 Vergilio
362 2028 531 2088 adnuerunt
552 2030 715 2106 gaudentes
737 2047 807 2089 rure
830 2029 983 2089 Camenae.

212 2112 275 2172 lloc
299 2122 369 2185 erat,
393 2124 513 2190 experto
536 2114 644 2173 trustra
669 2114 799 2174 Varrone
823 2113 945 2174 Atacino

209 2199 304 2276 Atque
327 2196 500 2275 quibusdam
523 2197 595 2270 aliis,
618 2197 723 2259 melius
746 2200 824 2277 quod
848 2199 978 2259 scrihere
1001 2215 1126 2277 possem,

211 2282 368 2343 luventore
392 2283 499 2355 minor,
522 2301 620 2360 neque
643 2303 698 2361 ego
721 2284 762 2344 illi
785 2284 939 2344 detrahere
961 2283 1054 2344 ausim

211 2368 388 2428 Haerentem
410 2368 497 2446 capiti
521 2386 588 2427 cum
612 2368 701 2428 multa
724 2368 809 2429 laude
832 2387 983 2429 coronam.
1007 2402 1048 2413 -

209 2456 245 2513 At
266 2454 325 2515 dixi
347 2453 439 2513 fluere
461 2455 542 2514 hunc
563 2454 754 2528 lutulentum,
777 2473 864 2533 saepe
887 2456 1031 2513 terentem

209 2538 296 2600 Plura
320 2540 437 2619 quidem
460 2538 589 2599 tollenda
611 2539 823 2617 relinquendis.
867 2542 937 2618 Age,
961 2556 1081 2616 quaeso,

209 2625 253 2684 'lu
277 2626 350 2685 nihil
373 2626 402 2685 in
427 2643 534 2703 magno
558 2626 661 2684 doctus
683 2624 877 2703 reprehendis
899 2620 1052 2683 Homero?

208 2708 255 2769 Nil
277 2712 370 2771 comis
392 2711 494 2787 tragici
518 2720 611 2769 mutat
633 2710 763 2770 Lucilius
785 2709 864 2779 Acci,

210 2794 275 2855 Non
299 2795 376 2855 ridet
397 2814 499 2855 versus
522 2794 600 2854 Enni
623 2795 763 2874 gravitate
785 2795 926 2865 minores,

212 2878 284 2939 Cum
306 2881 341 2940 de
364 2900 396 2941 se
419 2880 550 2958 loquitur
573 2900 632 2940 uon
657 2889 690 2939 ut
712 2880 823 2939 maiore
846 2875 1015 2957 reprensis‘l

211 2963 288 3033 Quid
311 2975 387 3025 vetat
410 2975 439 3024 et
462 2975 577 3025 nosmet
599 2965 692 3025 Lucili
714 2965 822 3042 scripta
846 2963 970 3041 legentis

212 3047 370 3122 Quaerere,
394 3069 465 3109 uum
490 3050 574 3119 illius,
599 3069 670 3110 uum
694 3068 794 3109 rerum
817 3049 889 3109 dura
914 3047 1030 3125 negarit

212 3133 377 3193 Versiculos
400 3144 503 3194 natura
527 3136 617 3213 magis
640 3137 733 3195 factos
755 3144 785 3195 et
806 3133 904 3194 euntis

211 3217 327 3278 Mollius
350 3236 383 3278 ac
406 3219 497 3296 siquis
520 3220 643 3297 pedihus
666 3220 737 3298 quid
760 3220 896 3280 claudere
918 3217 1007 3290 senis,

209 3302 273 3363 lloc
295 3312 411 3363 tautum
434 3314 601 3375 contentus,
625 3315 701 3364 amet
724 3305 875 3382 scripsisse
888 3303 1043 3383 ⁸ducentos

210 3393 285 3448 Ante
308 3388 407 3449 cihum
429 3408 537 3463 versus,
562 3390 681 3450 totidem
705 3398 834 3460 cenatus,
859 3387 976 3448 Etrusci

210 3472 301 3542 Quale
324 3475 380 3534 luit
402 3474 479 3535 Cassi
502 3475 604 3554 rapido
628 3474 787 3535 ferventius
810 3474 888 3534 amni
1044 3474 1050 3485 ’

208 3558 374 3636 lngenium,
398 3559 493 3638 capsis
515 3578 604 3638 quem
627 3561 701 3619 lama
724 3570 768 3620 est
790 3579 853 3620 esse
875 3558 1017 3635 librisque

124 3676 329 3686 e————

211 3724 232 3775 ll
251 3742 275 3781 o.
295 3729 325 3779 27
345 3727 450 3790 oblitos]
468 3726 567 3776 Bouttz
587 3726 682 3777 oblitus
698 3728 702 3787 l
719 3726 797 3778 latine
815 3728 850 3791 (v)
867 3726 956 3787 ,latine
975 3724 1122 3775 Lambinus
1139 3719 1172 3771 al.
1188 3716 1192 3784 l

126 3794 155 3845 at
178 3797 264 3859 atque]
282 3819 315 3838 =
333 3795 522 3845 Lachmannos
539 3795 574 3844 ad
592 3794 672 3848 Luer,
689 3794 720 3846 lll
738 3797 800 3847 415:
819 3794 890 3859 atqui
909 3795 942 3857 (v)
967 3795 971 3856 Ι
993 3795 1025 3844 3¹1
1045 3790 1151 3855 delingit
1168 3788 1192 3836 et

126 3858 237 3911 dillludit
254 3867 302 3915 ato.
331 3865 334 3929 Ι
362 3865 394 3915 39
422 3870 536 3928 spectata
556 3864 590 3926 (v)
617 3866 621 3928 l
649 3865 680 3914 43
705 3863 756 3914 lata
774 3865 817 3926 (o),
837 3862 977 3913 Horltelius
995 3861 1068 3913 anal.
1088 3860 1151 3910 Hor.
1165 3871 1193 3922 p·

129 3929 239 3993 tatano.
255 3932 259 3998 1
275 3934 308 3983 45
326 3931 459 3983 adnuerint
477 3933 511 3996 (o)
530 3931 669 3982 adnuerant
687 3933 722 3997 (o)
738 3931 742 3998 Ι
758 3934 789 3984 tr
807 3931 904 3996 possim
922 3932 957 3995 (o)
973 3931 977 3997 Ι
994 3931 1023 3982 tt
1045 3941 1140 3994 quaero
