2640 4372
560 209 689 263 upouott
712 213 752 263 16.

208 386 348 463 Quaeque
371 393 473 443 carent
496 384 589 443 ventis
612 393 641 442 et
662 381 773 443 solibus
795 402 860 443 ossa
884 384 1001 453 Quirini

276 504 289 513 -
312 470 399 530 Nelas
421 468 533 528 viderel
558 502 570 512 ·
594 468 746 545 dissipabit
767 468 908 529 insolens.

209 555 297 615 Forte
319 555 388 632 quid
413 554 548 632 expediat
570 553 769 612 communiter
790 562 841 612 aut
862 554 968 614 melior
991 573 1060 634 pars

275 639 358 700 hlalis
380 657 482 698 carere
506 639 644 716 quaeritis
666 636 833 697 laboribus:

208 724 293 786 Nulla
315 725 353 784 sit
375 725 429 784 hac
451 724 550 802 potior
572 723 727 792 sententia,
750 723 953 784 Phocaeorum

276 809 362 870 Velut
384 809 516 887 profugit
538 818 686 869 exsecrata
710 808 811 868 civitas

209 898 304 972 Agros
325 904 413 972 atque
435 894 518 954 Laris
540 894 649 971 patrios
671 892 887 971 habitandaque
909 893 979 953 lana

273 980 361 1058 Apris
383 978 503 1057 reliquit
525 989 555 1038 et
576 978 732 1056 rapacibus
753 978 841 1056 lupis,

209 1066 266 1140 lre,
288 1066 380 1144 pedes
402 1082 591 1142 quocumque
613 1065 719 1135 lerent,
742 1080 929 1141 quocumque
951 1081 1006 1140 per
1029 1064 1120 1125 undas

275 1151 370 1211 b'otus
390 1148 507 1208 vocabit
527 1159 577 1207 aut
600 1157 754 1225 protervus
777 1148 902 1207 Africus.

216 1235 266 1296 Sic
288 1235 393 1313 placet,
417 1253 453 1293 an
477 1234 581 1293 melius
604 1234 669 1310 quis
690 1231 778 1291 habet
799 1230 944 1292 suadere?
966 1237 1095 1302 secunda

276 1321 379 1380 Ratem
403 1337 549 1397 occupare
572 1318 641 1395 quid
665 1335 813 1376 moramur
837 1314 927 1377 alite?

210 1406 267 1466 Sed
290 1406 421 1464 iuremus
444 1404 473 1463 iu
497 1404 584 1463 haec:
608 1403 695 1462 simul
717 1403 783 1462 imis
805 1421 872 1463 saxa
896 1405 1031 1465 renarint

276 1490 363 1550 Vadis
385 1490 486 1561 levata,
511 1508 548 1548 ne
571 1488 667 1547 redire
690 1487 726 1547 sit
750 1488 842 1559 nefas

208 1574 272 1635 Neu
295 1592 435 1633 conversa
458 1573 578 1634 domum
600 1574 699 1654 pigeat
720 1572 789 1632 dare
813 1573 912 1645 lintea,
936 1574 1055 1651 quando

279 1659 374 1719 Padus
397 1659 505 1718 Matina
526 1660 629 1719 laverit
651 1658 813 1730 cacumina,

208 1744 242 1804 ln
265 1763 346 1804 mare
369 1763 420 1804 seu
443 1744 539 1804 celsus
561 1743 744 1822 procurrerit
766 1743 962 1821 Appenninus

272 1830 411 1907 Novaque
434 1838 566 1889 monstra
589 1829 718 1888 iunxerit
740 1827 860 1887 libidine

209 1913 301 1974 Mirus
324 1932 414 1985 amor,
438 1915 516 1973 iuvet
538 1924 570 1973 ut
593 1915 676 1991 tigris
698 1912 850 1973 subsidere
873 1912 966 1973 cervis

277 1999 467 2058 Adulteratur
489 2008 518 2057 et
540 1998 674 2059 columba
696 1999 797 2069 miluo,

211 2083 334 2143 Credula
358 2100 413 2141 nec
437 2101 520 2142 ravos
541 2084 664 2143 timeant
686 2093 817 2142 armenta
839 2083 942 2142 leones

278 2169 422 2243 Ametque
444 2168 518 2227 salsa
541 2168 612 2227 levis
633 2169 733 2228 hircus
755 2186 893 2246 aequora.
916 2200 957 2211 -

210 2252 290 2312 Haec
312 2262 341 2311 et
363 2270 439 2330 quae
461 2262 605 2330 poterunt
627 2252 737 2313 reditus
761 2253 934 2313 abscindere
956 2250 1051 2312 dulcis

277 2337 387 2396 Eamus
410 2337 506 2397 omnis
529 2348 678 2397 exsecrata
701 2339 800 2398 civitas

210 2422 267 2483 Aut
288 2440 356 2500 pars
379 2422 498 2481 indocili
521 2423 625 2483 melior
648 2442 751 2501 grege;
776 2422 872 2483 mollis
895 2433 924 2482 et
947 2440 1051 2500 exspes

278 2508 443 2566 lnominata
464 2509 627 2587 perprimat
648 2509 771 2569 cubilia:

209 2591 277 2666 Vos,
301 2592 407 2671 quibus
430 2605 473 2652 cst
495 2595 595 2665 virtus,
618 2594 791 2654 muliebrem
815 2592 907 2652 tollite
929 2592 1053 2663 luctum,

280 2677 403 2738 Etrusca
426 2689 545 2755 praeter
568 2689 596 2738 et
617 2681 711 2739 volate
733 2679 827 2737 litora.

210 2762 270 2823 Nos
292 2773 392 2823 manet
415 2763 551 2824 Oceanus
573 2765 790 2840 circumvagus:
815 2780 889 2834 arva,
914 2760 996 2820 beata

278 2849 414 2907 Petamus
436 2867 502 2906 arva
525 2849 628 2909 divites
651 2859 680 2908 et
701 2849 820 2915 insulas,

209 2931 316 2991 Reddit
338 2933 387 2991 ubi
412 2930 547 2992 Cererem
570 2933 657 2994 tellus
679 2935 789 2993 inarata
814 2930 974 3010 quotannis

277 3015 315 3075 Et
337 3017 478 3093 imputata
500 3018 585 3077 lloret
608 3038 701 3095 usque
723 3019 815 3089 vinea,

139 3109 168 3158 ts
212 3099 362 3160 Germinat
385 3112 414 3159 et
437 3119 596 3179 numquam
621 3104 748 3162 fallentis
770 3114 879 3161 termes
902 3099 992 3158 olivae

278 3185 427 3262 Suamque
450 3186 527 3263 pulla
550 3189 623 3248 ficus
645 3198 730 3248 ornat
753 3189 897 3253 arborem,

211 3268 296 3328 Mella
319 3288 385 3328 cava
409 3282 529 3330 manant
552 3292 586 3332 ex
608 3273 683 3344 ilice,
707 3274 859 3332 montibus
881 3269 945 3329 altis

279 3354 362 3414 Levis
385 3368 525 3434 crepante
548 3359 664 3436 lympha
688 3359 784 3418 desilit
806 3359 890 3436 pede.

212 3553 267 3604 XVl
285 3571 309 3604 n.
329 3557 360 3606 14
379 3554 459 3606 uideri
477 3580 510 3598 =
528 3558 564 3606 B⁰
595 3558 598 3623 Ι
628 3562 658 3610 15
683 3557 750 3623 quod
776 3556 812 3625 (υ)
837 3557 842 3624 Ι
865 3555 956 3621 ·quod
976 3553 1118 3620 expediat·
1135 3553 1198 3603 liul-

122 3625 231 3688 gam'ua
249 3622 383 3675 helsen.
403 3640 424 3675 c.
443 3623 476 3674 Xl
492 3641 519 3689 p.
539 3628 658 3690 lllllsqq„
676 3627 763 3677 Bantl.
781 3627 842 3676 adn.
864 3626 869 3690 Ι
891 3627 920 3676 21
941 3622 1027 3673 lerunt
1048 3623 1052 3687 Ι
1072 3624 1104 3675 22
1122 3634 1199 3672 uoca-

125 3691 165 3742 uit
184 3692 218 3754 (υ)
235 3691 239 3756 Ι
255 3693 285 3741 at
305 3690 418 3756 quaudo]
442 3697 468 3742 et
490 3694 552 3755 (om.
570 3693 700 3758 Florian.)
725 3700 784 3746 aute
804 3694 913 3744 Servios
936 3691 973 3741 ad
989 3691 1056 3741 Aen.
1074 3689 1107 3740 lll
1127 3690 1174 3742 403
1194 3685 1198 3754 l

126 3760 159 3810 33
178 3760 262 3820 ravos]
281 3759 377 3810 =B⁰:
403 3758 485 3810 ssauos
508 3777 524 3810 o
547 3760 633 3813 fuluos
658 3766 691 3826 (v)
715 3777 807 3815 saeuos
825 3763 861 3826 (o)
879 3765 926 3810 etc.
950 3757 956 3824 Ι
981 3761 1013 3811 36
1041 3759 1134 3821 omnis]
1152 3758 1199 3821 (olz

127 3841 215 3877 omnes
242 3829 246 3883 l
271 3829 301 3878 41
322 3842 381 3876 arva
401 3827 483 3890 beata,
502 3836 619 3894 petamus
638 3845 697 3881 arva
717 3831 753 3883 al.
781 3833 785 3896 Ι
812 3832 845 3882 48
863 3833 971 3880 sonante
993 3826 1051 3877 Ter.
1071 3826 1201 3877 Marma.

127 3895 193 3946 2958
209 3903 213 3955 l
229 3892 322 3944 dissilit
343 3894 400 3946 Ter.
420 3894 532 3947 Maurus
