2640 4372
520 236 698 288 canutuulu
717 238 751 289 lV
771 241 793 290 8.

625 409 689 469 Vlll

251 510 398 571 Donarem
421 520 537 590 pateras
560 521 700 588 grataque
722 513 904 586 commodus,

176 618 182 631 ·
252 594 424 667 Censorino,
447 596 520 656 meis
542 612 609 655 aera
631 595 789 670 sodalibus,

249 680 395 741 Donarem
419 681 558 759 tripodas,
581 679 709 758 praemia
732 683 851 741 sortium

251 764 406 826 Graiorum
430 784 529 843 neque
552 775 583 824 tu
607 766 732 842 pessima
756 784 914 827 munerum

250 849 365 924 Ferres,
389 849 476 910 divite
498 869 544 910 me
567 850 678 910 scilicet
700 851 816 924 artium,

250 934 330 1004 Quas
352 947 402 994 aut
424 935 596 995 Parrhasius
619 935 742 1013 protulit
764 946 814 996 aut
836 937 957 1016 Scopas,

248 1018 305 1081 Hic
327 1037 406 1094 saxo,
430 1020 548 1098 liquidis
569 1020 617 1079 ille
640 1020 789 1081 coloribus

249 1103 360 1165 Sollers
383 1123 465 1165 nune
487 1105 637 1165 hominem
660 1125 783 1185 ponere,
807 1125 888 1167 nuno
912 1107 1008 1167 deum.

249 1188 305 1250 Sed
330 1208 390 1249 non
413 1189 486 1250 haec
508 1190 578 1250 mibi
601 1190 652 1260 vis,
677 1209 733 1250 nec
755 1191 808 1250 tibi
832 1191 932 1252 talium

248 1275 307 1337 Res
330 1285 375 1335 est
396 1287 445 1335 aut
467 1276 582 1336 animus
604 1276 773 1335 deliciarum
798 1295 902 1355 egens:

249 1359 366 1420 Gaudes
388 1359 569 1420 carminibus
577 1377 585 1433 ;
609 1361 737 1420 earmina
761 1379 918 1440 possumus

248 1445 366 1507 Donare
390 1456 419 1505 et
441 1445 569 1525 pretium
593 1445 691 1505 dicere
713 1446 839 1505 muneri.
865 1481 901 1489 —

248 1529 316 1590 Non
339 1529 431 1590 incisa
454 1531 532 1590 notis
556 1548 700 1589 marmora
723 1530 859 1608 publicis,

249 1616 307 1675 Per
329 1632 404 1692 quae
427 1615 547 1694 spiritus
569 1624 598 1675 et
620 1615 676 1674 vita
699 1616 775 1675 redit
797 1615 884 1676 bonis

250 1701 322 1760 Post
343 1710 468 1760 mortem
492 1700 626 1771 ducibus,
650 1719 711 1759 non
736 1699 847 1760 celeres
869 1702 956 1778 lugae

248 1784 445 1862 Reiectaeque
467 1796 630 1845 retrorsum
655 1784 827 1845 Hannibalis
851 1785 957 1859 minae,

247 1868 314 1929 Non
338 1869 474 1929 incendia
498 1868 681 1948 Carthaginis
704 1870 829 1949 impiae,

249 1953 329 2025 Eius,
354 1955 403 2032 qui
427 1956 534 2014 domita
558 1974 667 2014 nomen
692 1956 726 2014 ab
750 1955 848 2015 Alrica

249 2038 395 2099 Lucratus
418 2039 511 2109 rediit,
535 2040 642 2100 clarius
665 2041 798 2100 indicant

248 2124 363 2184 Laudes
387 2143 474 2202 quam
498 2123 636 2184 Calabrae
659 2125 798 2197 Pierides,
823 2144 920 2203 neque

249 2210 279 2271 Si
302 2210 419 2269 chartae
443 2210 547 2270 sileant
570 2209 648 2288 quod
672 2210 748 2269 bene
771 2210 884 2283 leceris,

249 2293 413 2354 Mercedem
437 2295 548 2354 tuleris.
594 2294 670 2364 Quid
694 2296 770 2354 foret
793 2294 861 2355 lliae

248 2379 446 2458 Mavortisque
469 2398 553 2459 puer,
577 2379 601 2438 si
623 2379 807 2439 taciturnitas

249 2463 386 2525 Obstaret
407 2465 519 2524 meritis
543 2463 639 2523 invida
662 2462 801 2523 llomuli‘?

249 2548 391 2628 Ereptum
417 2549 523 2628 Stygiis
545 2546 683 2607 fluetibus
706 2551 834 2607 Aeacum

249 2634 348 2695 Virtus
372 2645 400 2694 et
423 2637 502 2693 lavor
525 2644 554 2692 et
576 2633 675 2709 lingua
698 2633 864 2710 potentium

250 2719 352 2778 Vatum
376 2719 513 2779 divitibus
536 2729 690 2777 consecrat
712 2715 825 2777 insulis.
841 2739 890 2760 ·—

249 2803 377 2882 Dignum
400 2803 486 2864 laude
509 2803 603 2862 virum
627 2803 707 2863 Musa
732 2812 810 2861 vetat
832 2802 917 2875 mori,

250 2887 336 2949 Caelo
359 2890 441 2949 Musa
463 2890 539 2948 beat.
584 2887 632 2947 Sic
655 2887 731 2947 lovis
753 2887 877 2947 interest

250 2974 365 3052 Optatis
387 2974 480 3053 epulis
503 2973 628 3052 impiger
649 2972 802 3045 Hercules,

250 3058 366 3119 Clarum
389 3059 572 3138 Tyndaridae
596 3057 676 3118 sidus
699 3057 734 3116 ab
757 3058 866 3118 infimis

249 3144 376 3214 Quassas
399 3144 528 3221 eripiunt
550 3143 728 3220 aequoribus
751 3153 838 3215 rates,

249 3228 380 3289 Ornatus
402 3229 486 3288 viridi
509 3241 642 3307 tempora
665 3228 806 3306 pampino

248 3311 339 3373 Liber
360 3323 426 3373 vota
449 3313 545 3373 bonus
567 3314 648 3373 ducit
670 3312 705 3371 ad
728 3313 834 3372 exitus.

207 3445 259 3496 vul
278 3463 300 3497 o.
321 3449 408 3509 [6-8]
426 3449 443 3496 lt
459 3462 484 3509 p.
503 3449 597 3510 dirqq.
618 3448 622 3510 Ι
644 3449 658 3498 9
678 3448 734 3509 nec]
752 3446 789 3497 ua
804 3450 851 3510 ΙυΙε
867 3461 917 3496 non
939 3446 943 3513 Ι
966 3447 996 3497 12
1014 3444 1126 3494 muneris
1145 3447 1194 3508 ΙυΙΙ

126 3515 324 3576 [14-17111-1)
347 3516 351 3578 Ι
376 3518 417 3576 [15
435 3530 486 3565 non
506 3515 643 3565 celeres—
659 3517 689 3566 19
712 3513 797 3576 rediit]
820 3514 887 3567 HVb
908 3531 935 3579 p.
955 3516 1049 3576 3laqq.
1069 3512 1097 3561 M
1114 3511 1158 3571 (cf.
1178 3513 1198 3563 Ι.

124 3581 158 3632 F.
169 3581 274 3633 Martio
292 3586 321 3632 in
339 3598 431 3646 progr.
449 3584 563 3633 Pernen.
582 3584 699 3641 α.1837;
718 3582 910 3632 Lucbrnannua
928 3583 1004 3643 (1845
1023 3586 1048 3628 et
1067 3581 1143 3642 1846)
1157 3596 1197 3644 op.

121 3649 225 3703 miall
249 3653 293 3712 95;
319 3653 424 3715 ausqq.)
448 3650 453 3714 Ι
477 3654 507 3702 15
527 3651 617 3701 coleris
641 3650 700 3714 luga
719 3666 733 3698 u
754 3650 844 3701 celeris
868 3650 943 3714 fugae
962 3648 1117 3710 illudvr'giur
1141 3650 1200 3696 ani·

124 3718 212 3770 modu.
232 3722 291 3769 orit.
312 3718 331 3768 ll
350 3721 424 3782 52sq.
442 3719 445 3784 Ι
462 3721 512 3780 [16.
533 3721 574 3780 11]
592 3719 662 3767 idam
680 3718 745 3768 ibid.
760 3723 823 3782 post
835 3718 1080 3778 Bezzenbergerum
1099 3715 1198 3767 emend.

125 3785 216 3838 dalem.
226 3787 320 3838 Dresd.
334 3789 398 3839 1844
408 3803 434 3851 p.
448 3788 479 3836 24
496 3784 500 3854 Ι
517 3785 568 3853 [ll]
579 3786 664 3835 Bentl.
674 3784 776 3846 Alilef.
790 3789 839 3850 lup.
854 3788 942 3849 36sq.;
954 3784 1041 3845 disq.)
1058 3786 1062 3845 Ι
1079 3783 1199 3845 [ts-27]

126 3855 145 3903 b
157 3870 186 3919 p.
204 3859 298 3920 bquq.
314 3855 318 3919 Ι
334 3855 385 3916 [28]
403 3854 483 3905 HVM
500 3870 559 3903 curn
578 3854 748 3903 Lucbrnurmo
767 3854 784 3903 Ι.
803 3855 819 3903 Ι.
836 3870 862 3918 p.
876 3856 951 3915 ausa.
975 3853 978 3908 1
1004 3853 1056 3912 [33]
1070 3850 1204 3902 HVMAK

125 3936 183 3972 eum
200 3924 373 3975 Lacbmooao
393 3924 409 3972 l.
429 3922 444 3974 l.
459 3937 488 3987 p.
509 3924 553 3981 95;
575 3922 690 3986 100134
709 3921 780 3971 duxit
