2640 4372
484 187 657 240 GARMlNUM
675 189 705 240 lll
724 189 764 241 24.
784 191 825 242 25.

251 358 324 419 Cum
346 358 464 437 periura
486 358 576 436 patris
599 358 670 419 fides

178 455 207 505 td
295 442 469 503 Consortem
491 442 603 502 socium
626 444 704 505 sallat
727 453 755 504 et
778 445 909 523 hospites

250 527 435 606 lndignoque
458 528 613 604 pecuniam

296 611 404 672 Heredi
426 622 575 691 properet.
620 612 738 673 Scilicet
760 613 911 692 improbae

251 696 395 757 Crescunt
416 696 546 756 divitiae:
570 706 667 758 tamen

297 780 401 842 Curtae
426 781 524 842 nescio
549 782 617 858 quid
641 800 759 861 semper
781 781 862 843 abest
884 783 936 842 rei.

581 1035 736 1044 ..—

615 1234 690 1294 XXV

251 1353 316 1422 Quo
339 1372 396 1426 me,
419 1353 542 1427 Bacche,
565 1354 644 1432 rapis
666 1354 707 1413 tui

296 1436 441 1498 Plenum?
464 1457 539 1516 quae
562 1456 692 1513 memora
714 1447 765 1498 aut
787 1456 862 1516 quos
884 1457 955 1519 agor
978 1440 1007 1500 in
1035 1458 1141 1520 specus

249 1522 339 1583 Velox
362 1534 459 1583 mente
483 1521 580 1583 nova?
603 1521 710 1600 quibus

296 1608 396 1668 Antris
418 1609 527 1686 egregii
551 1607 680 1668 Caesaris
702 1608 802 1669 audiar

193 1700 208 1749 5
251 1693 412 1752 Aeternum
435 1693 579 1753 meditans
601 1693 692 1753 decus

296 1776 393 1837 Stellis
414 1777 546 1838 inserere
570 1786 599 1837 et
620 1777 744 1838 consilio
767 1775 865 1838 lovis?
903 1819 906 1823 -

248 1858 347 1921 Dicam
371 1862 498 1940 insigne,
522 1880 636 1935 recens,
660 1862 755 1923 adhuc

295 1945 443 2005 lndictum
465 1964 517 2006 ore
539 1946 610 2006 alio:
635 1965 697 2006 non
719 1965 805 2007 secus
828 1947 858 2006 in
881 1945 957 2024 iugis

251 2029 295 2089 Ex
317 2031 430 2091 somnis
452 2039 552 2109 stupet
575 2030 692 2104 Euhias,

183 2123 211 2173 10
296 2114 428 2175 Hebrum
452 2115 636 2194 prospiciens
658 2126 687 2175 et
710 2115 776 2175 nive
800 2114 952 2175 candidam

249 2198 383 2259 Thracen
408 2217 443 2259 ac
463 2199 539 2279 pede
562 2199 687 2260 barbaro

295 2284 462 2344 Lustratam
485 2285 659 2363 Rhodopen,
683 2295 716 2346 ut
737 2284 809 2344 mihi
832 2283 915 2343 devio

250 2367 339 2446 Ripas
362 2379 391 2428 et
412 2387 534 2430 vacuum
559 2388 664 2430 nemus

295 2453 394 2513 Mirari
417 2453 496 2514 lihet.
543 2454 566 2514 Ο
590 2454 731 2515 Naiadum
754 2460 861 2531 potens

179 2545 207 2594 15
251 2537 491 2616 Baccharumque
514 2540 670 2600 valentium

296 2623 437 2684 Proceras
459 2625 594 2685 manibus
616 2634 731 2685 vertere
753 2621 894 2692 fraxinos,

250 2706 297 2767 Nil
318 2727 440 2786 parvum
463 2719 513 2769 aut
534 2709 637 2770 humili
660 2709 758 2781 modo,

295 2793 342 2853 Nil
364 2793 486 2853 mortale
509 2795 621 2872 loquar.
666 2793 758 2853 Dulce
781 2790 945 2870 periculum
969 2799 1021 2861 est,

251 2875 275 2936 Ο
299 2876 424 2949 Lenaee,
447 2879 530 2956 sequi
552 2880 639 2939 deum

180 2966 210 3019 20
296 2960 469 3039 (lingentem
492 2963 575 3024 viridi
598 2974 731 3041 tempora
755 2961 903 3040 pampino.

208 3224 287 3275 xxiv
306 3242 329 3276 o.
347 3229 379 3278 60
398 3227 524 3294 hospitem

210 3293 279 3343 XXV
297 3311 320 3344 o.
342 3298 352 3346 l
373 3297 452 3349 trahis
470 3297 538 3350 Mar.
559 3298 628 3348 Vict.
647 3295 679 3347 Vl
693 3312 722 3360 p.
743 3299 799 3360 177,
818 3297 832 3346 3
853 3293 880 3345 K.
899 3309 959 3344 curn
977 3310 1000 3342 o.
1021 3293 1035 3342 l.
1054 3293 1197 3356 archetypi

124 3363 232 3429 rapisot
242 3362 293 3412 old.
310 3362 314 3426 Ι
337 3365 387 3414 2et
402 3365 405 3430 Ι
422 3368 437 3417 6
455 3365 565 3416 concilio
581 3364 585 3431 Ι
601 3368 616 3416 9
630 3379 660 3415 ex
673 3363 778 3426 somnis]
790 3365 833 3428 (v),
851 3362 1075 3425 Gottingenso'reo.
1088 3359 1198 3410 Gemcri

125 3447 159 3481 cn
177 3435 226 3479 vet.
245 3429 266 3490 f.
286 3430 324 3479 cd.
345 3431 503 3498 descriptum
522 3437 582 3484 vett.
595 3433 739 3482 nonnullae
761 3432 816 3481 edd.
838 3432 862 3495 (e
884 3429 981 3481 somnis
1002 3429 1080 3491 aliae)
1098 3444 1122 3478 o.
1137 3427 1197 3478 Ges-
1223 3451 1225 3457 >

124 3501 184 3548 orere*
209 3499 283 3556 adn.;
303 3497 338 3549 V:
359 3501 583 3563 exsoleexolmnis
602 3516 616 3549 o
635 3500 730 3551 Edonis
749 3501 833 3550 Bentl.
862 3501 865 3562 Ι
895 3498 977 3558 llut]
993 3511 1022 3547 ac
1040 3497 1088 3561 (v);
1108 3495 1196 3547 Bentl.

127 3581 202 3633 quam
224 3567 318 3628 Porph.
