2640 4372
508 212 638 266 EPODON
658 216 698 267 13.
718 217 759 267 14.
784 217 824 266 15.

209 386 313 448 Cetera
336 386 419 446 mitte
442 385 539 463 loqui:
563 385 635 446 deus
657 386 729 446 haec
753 387 877 447 fortasse
900 385 1030 465 benigna

275 472 408 532 Reducet
430 470 458 531 in
483 470 583 531 sedem
605 471 677 530 rice.
720 471 806 532 Nunc
829 481 858 531 et
881 471 1079 534 Achaemenio

210 556 351 617 Perfundi
376 555 468 616 nardo
490 557 569 617 iuvat
591 565 620 616 et
642 555 699 615 lide
722 555 857 635 Cyllenea

278 642 388 702 levare
410 641 480 702 diris
503 650 622 719 pectora
645 641 901 712 sollicitudinibus,

211 725 324 787 Nobilis
346 735 379 785 ut
401 726 510 787 cecinit
531 724 636 803 grandi
660 724 824 786 Centaurus
846 726 983 787 alumno:

273 806 408 885 ‘luviote,
431 810 563 871 mortalis
585 811 639 870 dea
663 820 731 870 nate
753 829 829 888 puer
851 811 983 882 Thetide,

209 896 252 956 Te
274 906 375 957 manet
398 896 529 957 Assaraci
552 894 649 966 tellus,
673 914 760 972 quam
784 896 888 972 frigida
909 897 991 975 pravi

277 981 409 1041 Findunt
432 980 602 1042 Scamandri
626 980 746 1040 llumina
769 981 903 1041 lubricus
925 992 955 1042 et
977 981 1095 1056 Simois,

212 1065 297 1126 Unde
318 1066 370 1126 tihi
393 1066 519 1126 reditum
542 1074 623 1124 certo
646 1064 813 1125 subtemine
837 1065 946 1127 Pareae

277 1151 397 1230 Rupere
420 1170 475 1211 nec
498 1159 591 1210 mater
613 1150 734 1210 domum
756 1151 872 1211 caerula
896 1160 925 1211 te
948 1151 1077 1213 revehet.

211 1234 273 1296 lllic
295 1254 384 1296 omne
406 1237 515 1297 malum
537 1235 605 1295 vino
629 1244 778 1312 cantuque
800 1235 905 1308 levato,

278 1321 424 1382 llel‘ormis
446 1320 644 1400 aegrimoniae
667 1319 801 1381 dulcibus
823 1315 985 1400 adloquiis.³

213 1693 308 1754 llollis
330 1693 436 1752 inertia
458 1710 511 1751 cur
533 1701 645 1751 tautam
668 1691 817 1752 dilluderit
840 1693 905 1751 imis

282 1777 469 1838 Oblivionem
493 1777 638 1849 sensibus,

213 1863 321 1924 Pocula
344 1863 487 1923 Lethaeos
509 1870 542 1920 ut
563 1861 586 1920 si
611 1861 746 1921 ducentia
769 1878 890 1921 somnos

280 1948 390 2008 brente
412 1948 497 2005 lauoe
518 1947 666 2016 traxerim,

215 2030 343 2093 Candide
366 2032 527 2101 Maecenas,
551 2031 660 2090 occidis
682 2048 769 2107 saepe
792 2030 940 2108 rogando:

280 2117 367 2187 Deus
390 2117 463 2175 deus
487 2132 551 2175 nam
576 2124 730 2185 monetat,

214 2199 353 2279 lnceptos
377 2201 455 2271 olim,
477 2200 655 2279 promissum
679 2218 809 2273 carmen,
832 2198 946 2260 iambos

282 2287 325 2346 Ad
349 2284 520 2346 umbilicum
544 2286 699 2345 adducere.
722 2319 763 2329 -

213 2371 279 2430 Non
304 2371 387 2431 aliter
409 2372 506 2431 Samio
530 2370 633 2431 dicunt
655 2370 760 2431 arsisse
783 2369 915 2449 Bathyllo

277 2459 463 2517 Anacreonta
485 2456 598 2527 Teium,

215 2541 272 2611 Qui
294 2560 437 2620 persaepe
460 2559 527 2602 cava
550 2541 698 2601 testudine
720 2540 799 2599 llevit
821 2557 952 2600 amorem

283 2628 348 2687 Non
372 2627 552 2688 elaboratum
576 2626 611 2686 ad
634 2626 749 2706 pedem.

215 2711 317 2773 Ureris
338 2714 401 2791 ipse
423 2714 527 2786 miser3
551 2711 656 2790 quodsi
680 2731 740 2771 non
764 2710 917 2789 pulchrior
940 2710 1027 2788 ignis,

283 2798 425 2859 Accendit
448 2799 594 2858 obsessam
620 2797 703 2867 llion,

146 2891 173 2941 15
217 2881 316 2943 Gaude
338 2894 418 2944 sorte
440 2893 504 2943 tua:
528 2900 575 2940 me
598 2880 745 2952 libertina,
769 2896 824 2939 nec
847 2896 908 2937 uno

284 2967 439 3040 Contenta,
463 2968 579 3046 Phryne
602 2973 740 3025 macerat.

637 3219 687 3278 XV

217 3335 282 3395 Nox
305 3346 364 3395 erat
388 3346 417 3396 et
438 3336 518 3396 caelo
542 3336 673 3416 fulgebat
695 3337 777 3397 Luna
802 3354 909 3398 sereno

285 3420 367 3480 luter
388 3422 503 3481 minora
524 3422 630 3493 sidera,

136 3557 338 3566 -—.-——

218 3621 272 3672 Xlll
289 3638 313 3671 o.
336 3623 366 3672 11
386 3620 473 3685 grandi
491 3621 585 3671 cecinit
609 3621 613 3689 1
640 3624 669 3673 13
688 3624 769 3689 pravi]
793 3637 816 3672 υ.
841 3623 858 3672 l.
884 3623 913 3670 in
931 3619 1031 3671 scholio
1050 3617 1203 3683 &equium

133 3692 218 3744 allata
237 3688 273 3750 cf.
293 3703 385 3740 eomm.
412 3685 558 3752 Woelfflin.
575 3705 603 3754 p.
628 3693 685 3741 110:
705 3691 775 3754 parui
794 3689 859 3739 libri
877 3689 931 3739 ravi
955 3689 976 3740 1.
995 3685 1127 3737 Oberdick
1143 3699 1204 3736 ann.

129 3760 197 3825 phil.
227 3760 283 3821 125,
312 3760 407 3821 rtlsq.
433 3754 477 3823 (A.
504 3758 536 3808 Ε,
564 3758 700 3808 Housman
730 3759 826 3822 Journ.
857 3755 892 3817 of
908 3747 1200 3822 pter.xvr1,aloeq.l

135 3831 165 3880 15
185 3833 256 3877 curto
274 3826 359 3877 Bentl.

217 3893 273 3945 XIV
292 3912 315 3948 o.
334 3899 348 3946 t
368 3893 492 3958 inceptos,
511 3891 570 3942 olim
590 3893 742 3959 promissum
760 3891 795 3944 al.
