2640 4372
526 225 697 279 CARMINUM
715 227 735 279 ll
753 231 778 281 6.
798 233 820 281 7.

262 395 314 455 llle
329 406 475 458 terrarum
490 399 560 459 rnibi
576 409 693 477 praeter
708 401 804 461 omnis

263 481 396 560 Angulus
411 483 496 555 ridet,
512 483 563 543 ubi
580 503 640 545 non
658 485 794 563 Hymetto

263 565 347 626 Mella
362 567 510 628 decedunt
525 568 668 647 viridique
683 578 776 630 uertat

339 652 416 712 Rata
431 653 569 727 Venafro,
628 662 630 667 ’

262 769 320 830 Ver
335 769 385 830 ubi
401 771 523 850 longum
539 772 711 850 tepidasque
728 770 849 849 praebet

262 855 396 934 luppiter
410 855 530 917 brumas
546 866 575 917 et
590 857 701 917 amicus
716 856 811 916 Aulon

262 939 362 999 Fertili
378 940 493 1001 baccho
510 942 664 1002 minimum
682 941 814 1001 Falernis

339 1025 452 1085 Invidet
466 1027 538 1087 uvis.

262 1143 313 1203 llle
329 1152 357 1204 te
373 1162 489 1205 mecum
505 1146 588 1206 loeus
604 1153 633 1204 et
648 1142 750 1204 bealae

261 1228 416 1289 Postulant
429 1248 522 1302 eroes,
538 1230 578 1290 ibi
595 1240 626 1289 tu
642 1228 786 1289 calentem

262 1313 362 1374 Debita
379 1332 498 1392 sparges
512 1315 631 1374 lacrima
646 1313 770 1374 favillam

337 1393 415 1459 Vatis
432 1399 526 1459 amici.

645 1734 694 1793 Vll

263 1853 287 1914 0
304 1872 392 1932 saepe
407 1871 523 1912 mecum
540 1861 656 1931 tempus
671 1853 701 1913 in
719 1852 853 1913 ultimum

262 1940 393 1999 Deduote
409 1937 500 1998 Bruto
516 1937 634 1998 militiae
650 1938 734 2012 duee,

307 2024 380 2095 Quis
395 2034 425 2084 te
441 2023 594 2085 redonavit
609 2023 752 2094 Quiritem

357 2109 408 2170 Dis
422 2110 524 2188 patriis
538 2108 670 2187 Italoque
686 2109 776 2180 eaelo,

258 2228 390 2308 Pompei,
408 2246 542 2288 meorum
558 2228 652 2306 prime
668 2227 820 2300 sodalium,

261 2314 332 2375 Cum
349 2332 408 2390 quo
424 2321 587 2372 morantem
604 2331 692 2390 saepe
707 2312 784 2372 diem
800 2332 882 2374 mero

305 2397 402 2474 Fregi‚
419 2405 578 2458 coronatus
594 2398 716 2456 nitentis

360 2480 542 2541 Malobathro
558 2480 643 2558 Syrio
660 2479 804 2557 capillos‘l

262 2598 371 2657 Tecum
389 2597 541 2676 Philippos
557 2605 586 2655 et
600 2595 728 2656 celerem
743 2596 841 2674 lugam

265 2683 349 2742 Sensi
365 2682 467 2743 relicta
483 2700 544 2742 non
561 2680 637 2740 bene
651 2682 794 2759 parmula,

305 2766 377 2828 Cum
393 2768 483 2826 fracta
498 2766 590 2826 virtus
606 2774 635 2826 et
650 2765 781 2826 minaces

358 2852 458 2931 Turpe
473 2851 568 2912 solum
584 2851 709 2929 tetigere
724 2859 835 2911 mento.

258 2971 313 3031 Sed
331 2988 377 3030 me
392 2987 447 3048 per
462 2969 554 3030 bostis
570 2970 735 3032 Mercurius
750 2969 830 3029 celer

259 3056 358 3116 Denso
375 3064 530 3133 paventem
546 3056 665 3116 sustulit
681 3074 758 3127 aere,

303 3141 344 3201 'le
361 3158 464 3201 rursus
479 3140 510 3200 in
527 3138 636 3200 bellum
653 3139 812 3201 resorbens

356 3225 440 3285 Unda
456 3225 538 3285 lretis
553 3225 620 3286 tulit
635 3226 787 3286 aestuosis.

256 3341 334 3421 Ergo
352 3342 508 3422 obligatam
523 3344 613 3404 redde
629 3344 689 3404 lovi
705 3344 810 3422 dapem

255 3426 416 3506 Longaque
432 3430 541 3489 sessum
558 3429 660 3490 militia
676 3430 750 3490 latus
825 3452 828 3457 ·

297 3513 420 3592 Depone
436 3513 491 3575 sub
507 3514 592 3575 lauru
607 3533 671 3575 mea
688 3533 743 3574 nec

352 3598 443 3659 Pareo
459 3599 539 3659 cadis
553 3599 606 3660 tibi
622 3599 783 3661 destinatis·
1131 3607 1159 3656 20

213 3847 244 3899 Vl
264 3866 287 3903 υ.
315 3853 345 3903 18
365 3850 473 3901 amictus
490 3849 526 3902 N.
539 3850 664 3900 Heinsius
687 3851 691 3916 Ι
716 3848 806 3901 fertilis
830 3847 835 3915 Ι
863 3845 966 3898 nimium
992 3844 996 3909 Ι
1024 3844 1056 3894 22
1073 3844 1117 3895 ubi
1138 3847 1173 3911 (o)

124 3920 159 3970 24
176 3916 263 3969 llorati
281 3921 324 3982 (=
343 3935 363 3971 o.
384 3917 416 3968 lV
436 3919 460 3982 6,
478 3920 520 3983 44)

959 3995 995 4046 3*
