<?xml version="1.0" encoding="UTF-8"?>
<!DOCTYPE html PUBLIC "-//W3C//DTD XHTML 1.0 Transitional//EN"
    "http://www.w3.org/TR/xhtml1/DTD/xhtml1-transitional.dtd">
<html xmlns="http://www.w3.org/1999/xhtml" xml:lang="en" lang="en">
 <head>
  <title>
</title>
<meta http-equiv="Content-Type" content="text/html;charset=utf-8" />
  <meta name='ocr-system' content='tesseract 3.04.00' />
  <meta name='ocr-capabilities' content='ocr_page ocr_carea ocr_par ocr_line ocrx_word'/>
</head>
<body>
  <div class='ocr_page' id='page_1' title='image "./qhoratiiflaccic01hertgoog_0116.png"; bbox 0 0 2640 4372; ppageno 0'>
   <div class='ocr_carea' id='block_1_1' title="bbox 473 997 866 1096">
    <p class='ocr_par' dir='ltr' id='par_1_1' title="bbox 473 997 866 1096">
     <span class='ocr_line' id='line_1_1' title="bbox 473 997 866 1096; baseline 0.01 -4"><span class='ocrx_word' id='word_1_1' title='bbox 473 997 866 1096; x_wconf 88' lang='lat' dir='ltr'>EPODON</span> 
     </span>
    </p>
   </div>
   <div class='ocr_carea' id='block_1_2' title="bbox 619 1198 720 1250">
    <p class='ocr_par' dir='ltr' id='par_1_2' title="bbox 619 1198 720 1250">
     <span class='ocr_line' id='line_1_2' title="bbox 619 1198 720 1250; baseline 0.02 -2"><span class='ocrx_word' id='word_1_2' title='bbox 619 1198 720 1250; x_wconf 86' lang='lat' dir='ltr'>LlBER.</span> 
     </span>
    </p>
   </div>
   <div class='ocr_carea' id='block_1_3' title="bbox 665 1369 675 1427">
    <p class='ocr_par' dir='ltr' id='par_1_3' title="bbox 665 1369 675 1427">
     <span class='ocr_line' id='line_1_3' title="bbox 665 1369 675 1427; baseline 0 0"><span class='ocrx_word' id='word_1_3' title='bbox 665 1369 675 1427; x_wconf 92' lang='lat' dir='ltr'>l</span> 
     </span>
    </p>
   </div>
   <div class='ocr_carea' id='block_1_4' title="bbox 255 1482 949 3514">
    <p class='ocr_par' dir='ltr' id='par_1_4' title="bbox 262 1482 809 1648">
     <span class='ocr_line' id='line_1_4' title="bbox 262 1482 809 1555; baseline 0.004 -11"><span class='ocrx_word' id='word_1_4' title='bbox 262 1482 321 1545; x_wconf 91' lang='lat' dir='ltr'>lbis</span> <span class='ocrx_word' id='word_1_5' title='bbox 344 1483 484 1544; x_wconf 88' lang='lat' dir='ltr'>Liburnis</span> <span class='ocrx_word' id='word_1_6' title='bbox 506 1483 585 1543; x_wconf 90' lang='lat' dir='ltr'>iuter</span> <span class='ocrx_word' id='word_1_7' title='bbox 606 1485 662 1544; x_wconf 89' lang='lat' dir='ltr'>alta</span> <span class='ocrx_word' id='word_1_8' title='bbox 684 1486 809 1555; x_wconf 82' lang='lat' dir='ltr'>navium,</span> 
     </span>
     <span class='ocr_line' id='line_1_5' title="bbox 308 1568 671 1648; baseline 0 -20"><span class='ocrx_word' id='word_1_9' title='bbox 308 1568 418 1641; x_wconf 79' lang='lat' dir='ltr'>Amice,</span> <span class='ocrx_word' id='word_1_10' title='bbox 440 1569 671 1648; x_wconf 84' lang='lat' dir='ltr'>propugnacula,</span> 
     </span>
    </p>

    <p class='ocr_par' dir='ltr' id='par_1_5' title="bbox 261 1652 832 1810">
     <span class='ocr_line' id='line_1_6' title="bbox 261 1652 832 1734; baseline 0.002 -20"><span class='ocrx_word' id='word_1_11' title='bbox 261 1652 382 1714; x_wconf 81' lang='lat' dir='ltr'>Paratus</span> <span class='ocrx_word' id='word_1_12' title='bbox 405 1672 493 1714; x_wconf 91' lang='lat' dir='ltr'>cmne</span> <span class='ocrx_word' id='word_1_13' title='bbox 516 1653 646 1714; x_wconf 80' lang='lat' dir='ltr'>Caesaris</span> <span class='ocrx_word' id='word_1_14' title='bbox 669 1654 832 1734; x_wconf 90' lang='lat' dir='ltr'>periculum</span> 
     </span>
     <span class='ocr_line' id='line_1_7' title="bbox 308 1738 697 1810; baseline -0.005 -10"><span class='ocrx_word' id='word_1_15' title='bbox 308 1738 422 1810; x_wconf 80' lang='lat' dir='ltr'>subire,</span> <span class='ocrx_word' id='word_1_16' title='bbox 446 1739 608 1809; x_wconf 79' lang='lat' dir='ltr'>Maecenas,</span> <span class='ocrx_word' id='word_1_17' title='bbox 631 1750 697 1799; x_wconf 87' lang='lat' dir='ltr'>tuo:</span> 
     </span>
    </p>

    <p class='ocr_par' dir='ltr' id='par_1_6' title="bbox 261 1822 914 1988">
     <span class='ocr_line' id='line_1_8' title="bbox 261 1822 914 1904; baseline 0.006 -21"><span class='ocrx_word' id='word_1_18' title='bbox 261 1822 336 1894; x_wconf 88' lang='lat' dir='ltr'>Quid</span> <span class='ocrx_word' id='word_1_19' title='bbox 361 1842 424 1896; x_wconf 87' lang='lat' dir='ltr'>nos,</span> <span class='ocrx_word' id='word_1_20' title='bbox 449 1825 556 1902; x_wconf 91' lang='lat' dir='ltr'>quibus</span> <span class='ocrx_word' id='word_1_21' title='bbox 578 1834 606 1884; x_wconf 90' lang='lat' dir='ltr'>tc</span> <span class='ocrx_word' id='word_1_22' title='bbox 629 1825 685 1884; x_wconf 89' lang='lat' dir='ltr'>vita</span> <span class='ocrx_word' id='word_1_23' title='bbox 711 1825 734 1884; x_wconf 91' lang='lat' dir='ltr'>si</span> <span class='ocrx_word' id='word_1_24' title='bbox 758 1826 914 1904; x_wconf 82' lang='lat' dir='ltr'>superstite</span> 
     </span>
     <span class='ocr_line' id='line_1_9' title="bbox 306 1907 766 1988; baseline 0 -20"><span class='ocrx_word' id='word_1_25' title='bbox 306 1907 447 1982; x_wconf 81' lang='lat' dir='ltr'>Iucunda,</span> <span class='ocrx_word' id='word_1_26' title='bbox 470 1909 493 1970; x_wconf 93' lang='lat' dir='ltr'>si</span> <span class='ocrx_word' id='word_1_27' title='bbox 516 1917 628 1982; x_wconf 82' lang='lat' dir='ltr'>contra,</span> <span class='ocrx_word' id='word_1_28' title='bbox 650 1907 766 1988; x_wconf 75' lang='lat' dir='ltr'>gravis?</span> 
     </span>
    </p>

    <p class='ocr_par' dir='ltr' id='par_1_7' title="bbox 259 1994 854 2151">
     <span class='ocr_line' id='line_1_10' title="bbox 259 1994 854 2073; baseline -0.005 -17"><span class='ocrx_word' id='word_1_29' title='bbox 259 1994 404 2056; x_wconf 87' lang='lat' dir='ltr'>Utrumne</span> <span class='ocrx_word' id='word_1_30' title='bbox 426 1994 495 2054; x_wconf 92' lang='lat' dir='ltr'>iussi</span> <span class='ocrx_word' id='word_1_31' title='bbox 518 2013 733 2073; x_wconf 86' lang='lat' dir='ltr'>persequemur</span> <span class='ocrx_word' id='word_1_32' title='bbox 755 1995 854 2067; x_wconf 77' lang='lat' dir='ltr'>etium,</span> 
     </span>
     <span class='ocr_line' id='line_1_11' title="bbox 306 2078 778 2151; baseline -0.002 -12"><span class='ocrx_word' id='word_1_33' title='bbox 306 2078 371 2139; x_wconf 90' lang='lat' dir='ltr'>Non</span> <span class='ocrx_word' id='word_1_34' title='bbox 395 2078 488 2150; x_wconf 86' lang='lat' dir='ltr'>dulce,</span> <span class='ocrx_word' id='word_1_35' title='bbox 512 2079 541 2138; x_wconf 92' lang='lat' dir='ltr'>ni</span> <span class='ocrx_word' id='word_1_36' title='bbox 564 2088 661 2139; x_wconf 88' lang='lat' dir='ltr'>tecum</span> <span class='ocrx_word' id='word_1_37' title='bbox 683 2079 778 2151; x_wconf 83' lang='lat' dir='ltr'>simul,</span> 
     </span>
    </p>

    <p class='ocr_par' dir='ltr' id='par_1_8' title="bbox 259 2162 898 2318">
     <span class='ocr_line' id='line_1_12' title="bbox 259 2162 898 2227; baseline 0.002 -3"><span class='ocrx_word' id='word_1_38' title='bbox 259 2168 304 2224; x_wconf 79' lang='lat' dir='ltr'>An</span> <span class='ocrx_word' id='word_1_39' title='bbox 327 2164 407 2223; x_wconf 93' lang='lat' dir='ltr'>hunc</span> <span class='ocrx_word' id='word_1_40' title='bbox 430 2162 560 2223; x_wconf 88' lang='lat' dir='ltr'>laborem</span> <span class='ocrx_word' id='word_1_41' title='bbox 583 2174 682 2225; x_wconf 91' lang='lat' dir='ltr'>mente</span> <span class='ocrx_word' id='word_1_42' title='bbox 705 2164 791 2224; x_wconf 91' lang='lat' dir='ltr'>laturi</span> <span class='ocrx_word' id='word_1_43' title='bbox 815 2165 898 2227; x_wconf 89' lang='lat' dir='ltr'>decet</span> 
     </span>
     <span class='ocr_line' id='line_1_13' title="bbox 304 2246 772 2318; baseline 0.004 -10"><span class='ocrx_word' id='word_1_44' title='bbox 304 2246 368 2318; x_wconf 86' lang='lat' dir='ltr'>Qua</span> <span class='ocrx_word' id='word_1_45' title='bbox 391 2248 468 2307; x_wconf 84' lang='lat' dir='ltr'>ferre</span> <span class='ocrx_word' id='word_1_46' title='bbox 492 2266 552 2307; x_wconf 91' lang='lat' dir='ltr'>non</span> <span class='ocrx_word' id='word_1_47' title='bbox 576 2249 672 2309; x_wconf 87' lang='lat' dir='ltr'>mellis</span> <span class='ocrx_word' id='word_1_48' title='bbox 695 2251 772 2310; x_wconf 85' lang='lat' dir='ltr'>viros</span> 
     </span>
    </p>

    <p class='ocr_par' dir='ltr' id='par_1_9' title="bbox 258 2333 883 2497">
     <span class='ocr_line' id='line_1_14' title="bbox 258 2333 883 2412; baseline 0 -19"><span class='ocrx_word' id='word_1_49' title='bbox 258 2333 408 2406; x_wconf 84' lang='lat' dir='ltr'>Feremus,</span> <span class='ocrx_word' id='word_1_50' title='bbox 431 2341 460 2392; x_wconf 89' lang='lat' dir='ltr'>et</span> <span class='ocrx_word' id='word_1_51' title='bbox 482 2341 511 2391; x_wconf 90' lang='lat' dir='ltr'>te</span> <span class='ocrx_word' id='word_1_52' title='bbox 534 2333 577 2392; x_wconf 88' lang='lat' dir='ltr'>vel</span> <span class='ocrx_word' id='word_1_53' title='bbox 601 2352 654 2411; x_wconf 90' lang='lat' dir='ltr'>per</span> <span class='ocrx_word' id='word_1_54' title='bbox 677 2334 794 2411; x_wconf 78' lang='lat' dir='ltr'>Alpium</span> <span class='ocrx_word' id='word_1_55' title='bbox 817 2334 883 2412; x_wconf 84' lang='lat' dir='ltr'>iuga</span> 
     </span>
     <span class='ocr_line' id='line_1_15' title="bbox 303 2417 756 2497; baseline 0 -21"><span class='ocrx_word' id='word_1_56' title='bbox 303 2417 512 2497; x_wconf 75' lang='lat' dir='ltr'>inhospitalem</span> <span class='ocrx_word' id='word_1_57' title='bbox 536 2427 565 2476; x_wconf 90' lang='lat' dir='ltr'>et</span> <span class='ocrx_word' id='word_1_58' title='bbox 587 2418 756 2487; x_wconf 82' lang='lat' dir='ltr'>Caucasum,</span> 
     </span>
    </p>

    <p class='ocr_par' dir='ltr' id='par_1_10' title="bbox 256 2500 949 2666">
     <span class='ocr_line' id='line_1_16' title="bbox 256 2500 949 2580; baseline 0 -19"><span class='ocrx_word' id='word_1_59' title='bbox 256 2500 308 2562; x_wconf 89' lang='lat' dir='ltr'>Vel</span> <span class='ocrx_word' id='word_1_60' title='bbox 332 2502 500 2563; x_wconf 81' lang='lat' dir='ltr'>Occidentis</span> <span class='ocrx_word' id='word_1_61' title='bbox 522 2520 616 2580; x_wconf 88' lang='lat' dir='ltr'>usquc</span> <span class='ocrx_word' id='word_1_62' title='bbox 638 2502 672 2561; x_wconf 94' lang='lat' dir='ltr'>ad</span> <span class='ocrx_word' id='word_1_63' title='bbox 696 2502 828 2561; x_wconf 92' lang='lat' dir='ltr'>ultimum</span> <span class='ocrx_word' id='word_1_64' title='bbox 853 2502 949 2562; x_wconf 92' lang='lat' dir='ltr'>sinum</span> 
     </span>
     <span class='ocr_line' id='line_1_17' title="bbox 303 2583 791 2666; baseline -0.004 -20"><span class='ocrx_word' id='word_1_65' title='bbox 303 2586 383 2647; x_wconf 83' lang='lat' dir='ltr'>Furti</span> <span class='ocrx_word' id='word_1_66' title='bbox 405 2605 564 2666; x_wconf 87' lang='lat' dir='ltr'>sequemur</span> <span class='ocrx_word' id='word_1_67' title='bbox 586 2583 727 2665; x_wconf 80' lang='lat' dir='ltr'>pectore?</span> <span class='ocrx_word' id='word_1_68' title='bbox 749 2621 791 2630; x_wconf 94' lang='lat'><em>-</em></span> 
     </span>
    </p>

    <p class='ocr_par' dir='ltr' id='par_1_11' title="bbox 256 2670 890 2835">
     <span class='ocr_line' id='line_1_18' title="bbox 256 2670 890 2750; baseline -0.002 -19"><span class='ocrx_word' id='word_1_69' title='bbox 256 2670 361 2750; x_wconf 82' lang='lat' dir='ltr'>Reges,</span> <span class='ocrx_word' id='word_1_70' title='bbox 384 2680 467 2732; x_wconf 93' lang='lat' dir='ltr'>tuum</span> <span class='ocrx_word' id='word_1_71' title='bbox 490 2671 591 2733; x_wconf 86' lang='lat' dir='ltr'>labore</span> <span class='ocrx_word' id='word_1_72' title='bbox 615 2672 683 2749; x_wconf 88' lang='lat' dir='ltr'>quid</span> <span class='ocrx_word' id='word_1_73' title='bbox 707 2671 801 2730; x_wconf 78' lang='lat' dir='ltr'>iuvem</span> <span class='ocrx_word' id='word_1_74' title='bbox 826 2688 890 2730; x_wconf 88' lang='lat' dir='ltr'>mec</span> 
     </span>
     <span class='ocr_line' id='line_1_19' title="bbox 302 2753 751 2835; baseline -0.004 -19"><span class='ocrx_word' id='word_1_75' title='bbox 302 2756 422 2818; x_wconf 90' lang='lat' dir='ltr'>lnbcllis</span> <span class='ocrx_word' id='word_1_76' title='bbox 444 2776 478 2817; x_wconf 92' lang='lat' dir='ltr'>ac</span> <span class='ocrx_word' id='word_1_77' title='bbox 501 2759 603 2817; x_wconf 85' lang='lat' dir='ltr'>firmus</span> <span class='ocrx_word' id='word_1_78' title='bbox 625 2753 751 2835; x_wconf 86' lang='lat' dir='ltr'>parum?</span> 
     </span>
    </p>

    <p class='ocr_par' dir='ltr' id='par_1_12' title="bbox 257 2839 891 2998">
     <span class='ocr_line' id='line_1_20' title="bbox 257 2839 891 2913; baseline -0.003 -13"><span class='ocrx_word' id='word_1_79' title='bbox 257 2839 361 2903; x_wconf 84' lang='lat' dir='ltr'>Comes</span> <span class='ocrx_word' id='word_1_80' title='bbox 383 2843 498 2902; x_wconf 88' lang='lat' dir='ltr'>minore</span> <span class='ocrx_word' id='word_1_81' title='bbox 521 2862 585 2903; x_wconf 91' lang='lat' dir='ltr'>sum</span> <span class='ocrx_word' id='word_1_82' title='bbox 610 2844 726 2902; x_wconf 89' lang='lat' dir='ltr'>iuturus</span> <span class='ocrx_word' id='word_1_83' title='bbox 750 2841 778 2900; x_wconf 93' lang='lat' dir='ltr'>in</span> <span class='ocrx_word' id='word_1_84' title='bbox 802 2848 891 2913; x_wconf 86' lang='lat' dir='ltr'>metu,</span> 
     </span>
     <span class='ocr_line' id='line_1_21' title="bbox 302 2925 744 2998; baseline -0.002 -12"><span class='ocrx_word' id='word_1_85' title='bbox 302 2925 359 2997; x_wconf 85' lang='lat' dir='ltr'>Qui</span> <span class='ocrx_word' id='word_1_86' title='bbox 382 2928 475 2987; x_wconf 86' lang='lat' dir='ltr'>maior</span> <span class='ocrx_word' id='word_1_87' title='bbox 496 2927 626 2988; x_wconf 88' lang='lat' dir='ltr'>absentis</span> <span class='ocrx_word' id='word_1_88' title='bbox 649 2927 744 2998; x_wconf 76' lang='lat' dir='ltr'>habet,</span> 
     </span>
    </p>

    <p class='ocr_par' dir='ltr' id='par_1_13' title="bbox 256 3008 856 3177">
     <span class='ocr_line' id='line_1_22' title="bbox 256 3008 856 3091; baseline 0 -21"><span class='ocrx_word' id='word_1_89' title='bbox 256 3008 295 3071; x_wconf 88' lang='lat' dir='ltr'>Ut</span> <span class='ocrx_word' id='word_1_90' title='bbox 317 3010 454 3072; x_wconf 88' lang='lat' dir='ltr'>adsidens</span> <span class='ocrx_word' id='word_1_91' title='bbox 476 3012 666 3091; x_wconf 91' lang='lat' dir='ltr'>implumibus</span> <span class='ocrx_word' id='word_1_92' title='bbox 690 3010 776 3090; x_wconf 92' lang='lat' dir='ltr'>pullis</span> <span class='ocrx_word' id='word_1_93' title='bbox 799 3010 856 3070; x_wconf 89' lang='lat' dir='ltr'>avis</span> 
     </span>
     <span class='ocr_line' id='line_1_23' title="bbox 303 3096 753 3177; baseline -0.007 -20"><span class='ocrx_word' id='word_1_94' title='bbox 303 3096 489 3175; x_wconf 88' lang='lat' dir='ltr'>Serpentium</span> <span class='ocrx_word' id='word_1_95' title='bbox 513 3097 648 3177; x_wconf 84' lang='lat' dir='ltr'>adlapsus</span> <span class='ocrx_word' id='word_1_96' title='bbox 671 3098 753 3156; x_wconf 89' lang='lat' dir='ltr'>timet</span> 
     </span>
    </p>

    <p class='ocr_par' dir='ltr' id='par_1_14' title="bbox 255 3178 832 3345">
     <span class='ocr_line' id='line_1_24' title="bbox 255 3178 832 3259; baseline -0.002 -20"><span class='ocrx_word' id='word_1_97' title='bbox 255 3178 347 3259; x_wconf 81' lang='lat' dir='ltr'>Magis</span> <span class='ocrx_word' id='word_1_98' title='bbox 369 3181 488 3252; x_wconf 81' lang='lat' dir='ltr'>relictis,</span> <span class='ocrx_word' id='word_1_99' title='bbox 513 3201 572 3241; x_wconf 89' lang='lat' dir='ltr'>nun</span> <span class='ocrx_word' id='word_1_100' title='bbox 595 3193 628 3241; x_wconf 86' lang='lat' dir='ltr'>ut</span> <span class='ocrx_word' id='word_1_101' title='bbox 650 3183 724 3241; x_wconf 81' lang='lat' dir='ltr'>adsit</span> <span class='ocrx_word' id='word_1_102' title='bbox 746 3180 832 3239; x_wconf 87' lang='lat' dir='ltr'>auxili</span> 
     </span>
     <span class='ocr_line' id='line_1_25' title="bbox 301 3265 734 3345; baseline -0.002 -20"><span class='ocrx_word' id='word_1_103' title='bbox 301 3265 409 3326; x_wconf 85' lang='lat' dir='ltr'>Latum</span> <span class='ocrx_word' id='word_1_104' title='bbox 431 3266 498 3345; x_wconf 93' lang='lat' dir='ltr'>plus</span> <span class='ocrx_word' id='word_1_105' title='bbox 520 3266 734 3344; x_wconf 86' lang='lat' dir='ltr'>praesentibus.</span> 
     </span>
    </p>

    <p class='ocr_par' dir='ltr' id='par_1_15' title="bbox 256 3348 832 3514">
     <span class='ocr_line' id='line_1_26' title="bbox 256 3348 832 3411; baseline -0.003 -2"><span class='ocrx_word' id='word_1_106' title='bbox 256 3348 399 3410; x_wconf 86' lang='lat' dir='ltr'>Libenter</span> <span class='ocrx_word' id='word_1_107' title='bbox 420 3351 476 3411; x_wconf 89' lang='lat' dir='ltr'>hoc</span> <span class='ocrx_word' id='word_1_108' title='bbox 500 3359 528 3410; x_wconf 84' lang='lat' dir='ltr'>et</span> <span class='ocrx_word' id='word_1_109' title='bbox 550 3369 637 3411; x_wconf 90' lang='lat' dir='ltr'>cmnc</span> <span class='ocrx_word' id='word_1_110' title='bbox 661 3349 832 3409; x_wconf 88' lang='lat' dir='ltr'>militabitur</span> 
     </span>
     <span class='ocr_line' id='line_1_27' title="bbox 302 3434 804 3514; baseline -0.002 -20"><span class='ocrx_word' id='word_1_111' title='bbox 302 3435 414 3496; x_wconf 87' lang='lat' dir='ltr'>Bellum</span> <span class='ocrx_word' id='word_1_112' title='bbox 438 3436 466 3494; x_wconf 93' lang='lat' dir='ltr'>iu</span> <span class='ocrx_word' id='word_1_113' title='bbox 491 3445 557 3496; x_wconf 90' lang='lat' dir='ltr'>tuae</span> <span class='ocrx_word' id='word_1_114' title='bbox 580 3453 661 3514; x_wconf 88' lang='lat' dir='ltr'>spem</span> <span class='ocrx_word' id='word_1_115' title='bbox 685 3434 804 3513; x_wconf 83' lang='lat' dir='ltr'>gratiae,</span> 
     </span>
    </p>
   </div>
   <div class='ocr_carea' id='block_1_5' title="bbox 123 3596 1197 3804">
    <p class='ocr_par' dir='ltr' id='par_1_16' title="bbox 123 3596 1197 3804">
     <span class='ocr_line' id='line_1_28' title="bbox 212 3596 1197 3668; baseline -0.005 -17"><span class='ocrx_word' id='word_1_116' title='bbox 212 3600 222 3651; x_wconf 91' lang='lat'><em>1</em></span> <span class='ocrx_word' id='word_1_117' title='bbox 240 3617 263 3653; x_wconf 85' lang='lat' dir='ltr'>v.</span> <span class='ocrx_word' id='word_1_118' title='bbox 283 3604 297 3653; x_wconf 84' lang='lat'><strong>5</strong></span> <span class='ocrx_word' id='word_1_119' title='bbox 316 3601 350 3654; x_wconf 83' lang='lat' dir='ltr'>sit</span> <span class='ocrx_word' id='word_1_120' title='bbox 368 3602 468 3653; x_wconf 79' lang='lat' dir='ltr'>Veneta</span> <span class='ocrx_word' id='word_1_121' title='bbox 486 3605 610 3668; x_wconf 78' lang='lat' dir='ltr'>princepe</span> <span class='ocrx_word' id='word_1_122' title='bbox 629 3606 662 3664; x_wconf 83' lang='lat' dir='ltr'>[a.</span> <span class='ocrx_word' id='word_1_123' title='bbox 684 3603 757 3664; x_wconf 77' lang='lat'>1478]</span> <span class='ocrx_word' id='word_1_124' title='bbox 776 3606 839 3650; x_wconf 77' lang='lat' dir='ltr'>teate</span> <span class='ocrx_word' id='word_1_125' title='bbox 857 3600 989 3658; x_wconf 82' lang='lat' dir='ltr'>Bentlei0;</span> <span class='ocrx_word' id='word_1_126' title='bbox 1008 3596 1065 3646; x_wconf 85' lang='lat' dir='ltr'>uidi</span> <span class='ocrx_word' id='word_1_127' title='bbox 1081 3599 1112 3647; x_wconf 83' lang='lat' dir='ltr'>in</span> <span class='ocrx_word' id='word_1_128' title='bbox 1131 3597 1197 3648; x_wconf 84' lang='lat' dir='ltr'>Van.</span> 
     </span>
     <span class='ocr_line' id='line_1_29' title="bbox 123 3662 1194 3735; baseline -0.007 -12"><span class='ocrx_word' id='word_1_129' title='bbox 123 3669 289 3723; x_wconf 80' lang='lat' dir='ltr'>Furliuinnu</span> <span class='ocrx_word' id='word_1_130' title='bbox 319 3686 343 3720; x_wconf 88' lang='lat' dir='ltr'>u.</span> <span class='ocrx_word' id='word_1_131' title='bbox 373 3672 437 3722; x_wconf 87' lang='grc'>1483</span> <span class='ocrx_word' id='word_1_132' title='bbox 453 3670 457 3734; x_wconf 92' lang='grc' dir='ltr'>Ι</span> <span class='ocrx_word' id='word_1_133' title='bbox 474 3671 504 3720; x_wconf 87' lang='lat' dir='ltr'>dc</span> <span class='ocrx_word' id='word_1_134' title='bbox 530 3687 555 3722; x_wconf 87' lang='lat' dir='ltr'>v.</span> <span class='ocrx_word' id='word_1_135' title='bbox 584 3673 659 3735; x_wconf 79' lang='lat' dir='ltr'>lsqq.</span> <span class='ocrx_word' id='word_1_136' title='bbox 679 3669 874 3733; x_wconf 79' lang='lat' dir='ltr'>distinguendis</span> <span class='ocrx_word' id='word_1_137' title='bbox 899 3684 923 3717; x_wconf 89' lang='lat' dir='ltr'>n.</span> <span class='ocrx_word' id='word_1_138' title='bbox 950 3664 1024 3725; x_wconf 80' lang='lat' dir='ltr'>Alt&#39;²;</span> <span class='ocrx_word' id='word_1_139' title='bbox 1044 3665 1079 3714; x_wconf 86' lang='lat' dir='ltr'>ul.</span> <span class='ocrx_word' id='word_1_140' title='bbox 1101 3662 1128 3714; x_wconf 89' lang='lat' dir='ltr'><em>V</em></span> <span class='ocrx_word' id='word_1_141' title='bbox 1138 3665 1194 3716; x_wconf 82' lang='lat' dir='ltr'>ind.</span> 
     </span>
     <span class='ocr_line' id='line_1_30' title="bbox 124 3730 1194 3804; baseline -0.007 -14"><span class='ocrx_word' id='word_1_142' title='bbox 124 3738 216 3790; x_wconf 77' lang='lat' dir='ltr'>Ber-nl.</span> <span class='ocrx_word' id='word_1_143' title='bbox 234 3741 299 3790; x_wconf 73' lang='lat' dir='ltr'>ucat.</span> <span class='ocrx_word' id='word_1_144' title='bbox 319 3755 344 3788; x_wconf 90' lang='lat' dir='ltr'>a.</span> <span class='ocrx_word' id='word_1_145' title='bbox 363 3737 429 3791; x_wconf 84' lang='grc'><strong><em>1886</em></strong></span> <span class='ocrx_word' id='word_1_146' title='bbox 443 3754 471 3802; x_wconf 87' lang='lat' dir='ltr'>p.</span> <span class='ocrx_word' id='word_1_147' title='bbox 490 3738 527 3804; x_wconf 86' lang='grc' dir='ltr'>9Ι</span> <span class='ocrx_word' id='word_1_148' title='bbox 551 3741 581 3790; x_wconf 85' lang='grc'>10</span> <span class='ocrx_word' id='word_1_149' title='bbox 601 3739 695 3804; x_wconf 84' lang='lat' dir='ltr'>queml</span> <span class='ocrx_word' id='word_1_150' title='bbox 713 3741 743 3789; x_wconf 84' lang='grc'>15</span> <span class='ocrx_word' id='word_1_151' title='bbox 762 3736 858 3798; x_wconf 87' lang='lat' dir='ltr'>labore]</span> <span class='ocrx_word' id='word_1_152' title='bbox 878 3735 1036 3785; x_wconf 79' lang='lat' dir='ltr'>Glareanus:</span> <span class='ocrx_word' id='word_1_153' title='bbox 1056 3731 1169 3782; x_wconf 86' lang='lat' dir='ltr'>laborem</span> <span class='ocrx_word' id='word_1_154' title='bbox 1189 3730 1194 3799; x_wconf 92' lang='grc' dir='ltr'>Ι</span> 
     </span>
    </p>
   </div>
   <div class='ocr_carea' id='block_1_6' title="bbox 124 3800 1196 3937">
    <p class='ocr_par' dir='ltr' id='par_1_17' title="bbox 124 3800 1196 3937">
     <span class='ocr_line' id='line_1_31' title="bbox 127 3800 1196 3871; baseline -0.01 -10"><span class='ocrx_word' id='word_1_155' title='bbox 127 3810 157 3861; x_wconf 89' lang='lat' dir='ltr'>1&#39;l</span> <span class='ocrx_word' id='word_1_156' title='bbox 178 3806 226 3858; x_wconf 89' lang='lat' dir='ltr'>sim</span> <span class='ocrx_word' id='word_1_157' title='bbox 244 3803 280 3857; x_wconf 88' lang='grc' dir='ltr'>Ν.</span> <span class='ocrx_word' id='word_1_158' title='bbox 301 3806 424 3855; x_wconf 73' lang='lat' dir='ltr'>Heinsius</span> <span class='ocrx_word' id='word_1_159' title='bbox 446 3806 551 3871; x_wconf 84' lang='lat' dir='ltr'>(Bentl.)</span> <span class='ocrx_word' id='word_1_160' title='bbox 568 3808 571 3871; x_wconf 98' lang='grc' dir='ltr'>Ι</span> <span class='ocrx_word' id='word_1_161' title='bbox 589 3807 618 3857; x_wconf 78' lang='lat'>21</span> <span class='ocrx_word' id='word_1_162' title='bbox 639 3806 674 3856; x_wconf 90' lang='lat' dir='ltr'>uti</span> <span class='ocrx_word' id='word_1_163' title='bbox 694 3805 726 3856; x_wconf 90' lang='lat' dir='ltr'>sit</span> <span class='ocrx_word' id='word_1_164' title='bbox 744 3804 922 3868; x_wconf 73' lang='lat' dir='ltr'>(u)=B¹⁴⁹⁸“⁸;</span> <span class='ocrx_word' id='word_1_165' title='bbox 940 3800 1025 3853; x_wconf 83' lang='lat' dir='ltr'>Bentl.</span> <span class='ocrx_word' id='word_1_166' title='bbox 1044 3804 1072 3850; x_wconf 87' lang='lat' dir='ltr'>ui</span> <span class='ocrx_word' id='word_1_167' title='bbox 1089 3800 1123 3851; x_wconf 90' lang='lat' dir='ltr'>sil</span> <span class='ocrx_word' id='word_1_168' title='bbox 1140 3803 1176 3864; x_wconf 84' lang='lat' dir='ltr'>(v)</span> <span class='ocrx_word' id='word_1_169' title='bbox 1192 3802 1196 3866; x_wconf 91' lang='grc' dir='ltr'>Ι</span> 
     </span>
     <span class='ocr_line' id='line_1_32' title="bbox 124 3874 388 3937; baseline -0.023 -10"><span class='ocrx_word' id='word_1_170' title='bbox 124 3874 215 3936; x_wconf 81' lang='lat' dir='ltr'>auxili]</span> <span class='ocrx_word' id='word_1_171' title='bbox 232 3874 283 3937; x_wconf 79' lang='lat' dir='ltr'>(u):</span> <span class='ocrx_word' id='word_1_172' title='bbox 301 3874 388 3925; x_wconf 87' lang='lat' dir='ltr'>auxilii</span> 
     </span>
    </p>
   </div>
   <div class='ocr_carea' id='block_1_7' title="bbox 0 0 1324 4372">
    <p class='ocr_par' dir='ltr' id='par_1_18' title="bbox 0 0 1324 4372">
     <span class='ocr_line' id='line_1_33' title="bbox 0 0 1324 4372; baseline 0 4"><span class='ocrx_word' id='word_1_173' title='bbox 0 0 1324 4372; x_wconf 95' lang='lat' dir='ltr'> </span> 
     </span>
    </p>
   </div>
  </div>
 </body>
</html>
