2640 4372
543 185 673 239 EPODON
692 192 715 240 5.

215 362 311 436 Nune,
336 379 418 421 nune
440 360 548 434 adeste,
571 377 653 420 nuno
676 361 706 420 in
729 361 843 422 hostilis
864 362 969 422 domos

263 447 338 508 lram
362 456 450 524 atque
474 463 583 505 numen
606 444 720 505 vertite.

218 531 429 593 Formidolosis
450 529 520 590 dum
543 530 636 590 latent
657 529 735 590 silvis
757 530 836 591 serae

265 616 350 678 Dulei
372 633 480 695 sopore
503 614 667 693 languidae,

219 702 338 776 Senem,
361 701 439 779 quod
463 718 567 760 omnes
590 700 712 774 rideant,
735 699 900 760 adultemm

265 786 387 847 Latrent
409 784 583 846 Suburanae
605 803 704 857 canes,

219 871 317 932 Nardo
339 881 527 951 perunctum,
550 869 636 948 quale
660 889 721 930 non
744 870 902 949 perfectius

267 957 348 1018 Meae
370 955 532 1016 laborarint
554 974 668 1015 manus.
691 989 733 998 —

223 1041 299 1113 Quid
322 1038 449 1102 aooidit'l
471 1059 525 1101 our
548 1041 610 1101 dira
632 1039 774 1100 barbarae
797 1041 895 1101 minus

268 1125 388 1187 Venena
411 1126 529 1186 Medeae
551 1126 658 1197 valent,

225 1210 339 1283 Quibus
361 1211 519 1290 superbam
541 1211 616 1288 sugit
638 1210 698 1270 ulta
720 1210 890 1288 paelicem.

270 1295 369 1375 Magni
392 1295 528 1357 Creontis
551 1296 648 1369 tiliam,

223 1381 295 1443 Cum
317 1381 402 1460 palla,
423 1382 492 1441 tabo
515 1398 624 1441 munus
646 1379 793 1453 inbutum,
816 1398 921 1440 novam
980 1381 983 1386 ’

270 1465 412 1528 lucendio
434 1476 558 1544 nuptam
581 1462 723 1525 abstulit?

225 1552 313 1629 Atqui
337 1570 393 1612 neo
415 1550 506 1611 herba
531 1569 586 1611 neo
609 1551 704 1609 latens
726 1551 757 1609 in
780 1550 891 1628 asperis

270 1637 364 1697 Radix
386 1635 488 1696 lelellit
510 1654 557 1695 me
578 1635 661 1695 loeis.

225 1721 370 1782 lndormit
391 1722 490 1782 unctis
512 1721 645 1779 omnium
667 1719 814 1780 eubilibus

273 1805 427 1867 Oblivione
450 1807 604 1886 paelicum.
629 1839 669 1848 —

226 1895 260 1964 A,
282 1910 308 1966 a,
331 1892 445 1952 solutus
468 1890 597 1951 ambulat
617 1889 765 1949 veneficae

273 1976 445 2037 Soientioris
468 1975 613 2036 earminel
637 2008 678 2017 —

226 2060 291 2121 Non
315 2061 437 2134 usitatis,
460 2061 542 2134 Varo,
567 2058 747 2138 potionibus,

274 2144 298 2206 0
322 2146 413 2205 multa
435 2147 573 2205 fleturum
597 2154 694 2222 eaput,

228 2230 270 2291 ld
294 2248 339 2290 me
363 2249 499 2291 recurres
522 2249 577 2290 neo
599 2240 700 2306 voeata
723 2248 808 2290 mens
829 2238 879 2290 tua

274 2314 377 2376 Marsis
399 2315 506 2376 redibit
527 2315 659 2375 vocibus.

229 2399 322 2460 Maius
344 2401 464 2479 parabo,
488 2401 581 2460 maius
603 2399 756 2459 infundam
780 2398 832 2458 tibi

275 2484 445 2546 Fastidienti
468 2485 617 2564 poculum,

230 2568 373 2648 Priusque
396 2571 508 2631 eaelum
532 2570 607 2629 sidet
629 2567 752 2627 inferius
775 2566 847 2626 mari

276 2654 393 2715 Tellure
415 2665 552 2734 porrecta
575 2671 665 2730 super

231 2737 325 2808 Quam
349 2759 408 2800 non
433 2759 532 2800 amore
555 2739 597 2798 sio
621 2755 686 2797 meo
709 2736 824 2814 flagres,
849 2734 892 2796 uti

277 2823 412 2885 Bitumen
437 2826 507 2885 atris
529 2817 665 2902 ignibus?
689 2855 731 2864 -

233 2907 293 2968 Sub
316 2910 387 2970 baec
410 2929 484 2988 puer
506 2910 562 2969 iam
586 2927 657 2980 non,
681 2917 713 2967 ut
736 2919 813 2981 onte,
836 2903 972 2964 mollibus

279 2993 386 3055 Lenire
408 2994 505 3055 verbis
528 2994 640 3071 impias,

232 3075 290 3137 Sed
312 3078 419 3140 dubius
443 3080 521 3139 unde
544 3086 695 3157 rumperet
718 3076 877 3149 silentium,

279 3162 357 3225 Misit
378 3164 536 3244 Thyesteas
558 3182 677 3243 preces:

230 3237 363 3309 ‘Venena
387 3269 468 3328 maga
493 3268 564 3309 num
587 3250 630 3308 fas
654 3250 804 3323 nefasque,
828 3266 899 3307 num
922 3246 1018 3306 valent

280 3331 457 3396 Convertere
480 3335 637 3394 humanam
659 3329 773 3392 vinem?

192 3447 215 3498 V
233 3465 257 3500 o.
276 3452 308 3502 55
328 3450 508 3502 formidolosae
524 3451 528 3513 Ι
544 3450 613 3512 dom]
632 3452 679 3512 lot:
699 3463 755 3498 eom
772 3447 775 3512 l
792 3449 824 3498 58
843 3447 1003 3497 suburbanae
1021 3449 1056 3510 (o)
1072 3447 1075 3508 Ι
1092 3448 1123 3496 60
1142 3444 1178 3493 la·

107 3517 228 3570 borarunt
244 3518 248 3583 Ι
264 3519 296 3568 63
315 3519 424 3584 superba
440 3519 444 3584 Ι
461 3520 492 3569 65
511 3518 631 3568 iniectum
655 3516 658 3581 l
680 3519 711 3568 87
724 3530 796 3579 moga
816 3530 875 3565 num
889 3553 895 3567 .
908 3551 915 3564 .
929 3553 944 3574 .,
958 3531 1016 3566 num
1030 3552 1036 3566 .
1050 3551 1056 3564 .
1068 3514 1178 3575 vieeml]

107 3585 133 3638 C.
156 3584 197 3638 W.
216 3584 345 3650 Nauek¹³‚
371 3588 435 3639 1889
458 3585 503 3647 (of.
530 3587 562 3636 A.
587 3584 728 3635 Eberhard
746 3584 833 3633 Hem.
851 3585 875 3646 8,
901 3585 970 3645 titt:
995 3596 1113 3645 magnum

107 3670 156 3706 non
167 3652 340 3718 tiomt=01t
353 3655 452 3716 Modo.)
464 3668 536 3718 mega
551 3670 600 3704 non
612 3690 618 3703 .
632 3691 638 3703 .
653 3690 668 3716 .,
678 3667 728 3703 non
736 3652 760 3701 H
768 3651 894 3716 magicum
907 3689 913 3700 .
928 3691 933 3702 .
947 3688 953 3701 .
967 3648 1180 3712 nonllutgersius

107 3720 173 3775 Ven.
193 3723 251 3773 leet.
270 3738 291 3772 o.
310 3721 332 3771 ll
349 3739 375 3787 p.
396 3725 489 3787 286sq.
509 3723 646 3784 magica..
663 3759 668 3769 .
683 3735 732 3771 non
753 3723 822 3770 oeni.
841 3719 926 3768 Bentl.
939 3721 957 3782 ¹!
983 3719 1014 3768 88
1040 3715 1105 3778 ‚Non
1123 3730 1180 3765 ver-

107 3797 160 3842 tere
189 3791 312 3842 bumanas
338 3793 417 3842 vices.
436 3794 469 3840 ei.
487 3791 574 3840 Bantl.
605 3791 609 3856 Ι
643 3789 751 3839 bumana
770 3788 889 3838 invicem.
909 3785 955 3835 Olr'
981 3784 1179 3837 Menandrico
1282 3805 1286 3816 ·

107 3858 194 3911 Madv.
213 3859 272 3910 ade.
292 3861 351 3910 erit.
369 3859 389 3909 ll
407 3862 483 3922 disp.
