2640 4372
512 207 686 260 CARMlNUM
703 209 723 260 ll
742 213 766 264 l.
783 211 806 262 8.

251 380 400 441 Dblivioso
416 379 489 439 levia
501 378 625 441 Massico

250 465 366 526 Ciboria
382 464 476 543 exple,
492 464 583 525 funde
598 464 756 544 capacibus

292 549 450 627 Unguenta
466 549 502 610 de
517 549 655 609 conchisl
686 549 759 620 Quis
774 550 833 611 udo

347 634 551 713 Deproperare
567 634 632 713 apio
649 652 776 695 coronas

251 750 373 812 Curatve
388 749 507 830 myrto?
523 771 611 829 quem
626 752 726 813 Venus
742 751 883 812 arbitrum

250 837 333 897 Dicet
348 834 491 896 bibendi?
521 837 587 897 Non
603 855 658 916 ego
674 837 775 899 sanius

297 920 469 982 Bacchabor
483 921 609 982 Edonis:
628 931 748 1002 recepto

347 1006 439 1066 Dulce
453 1006 524 1066 mihi
540 1008 640 1066 furere
656 1018 700 1068 est
715 1008 818 1069 amico.

625 1325 689 1386 Vlll

250 1444 312 1504 Ulla
329 1443 354 1503 si
369 1443 442 1503 iuris
458 1443 509 1503 tibi
526 1444 646 1522 peierati

249 1528 358 1599 Poena,
374 1527 493 1600 Barine,
510 1528 660 1589 nocuisset
675 1547 826 1608 umquam,

248 1614 342 1674 Dente
358 1613 381 1672 si
399 1612 485 1690 nigro
501 1613 587 1673 fieres
602 1614 647 1673 vel
664 1632 724 1675 uno

325 1696 455 1775 Turpior
470 1698 571 1776 ungui,

251 1815 408 1877 Crederem
414 1833 422 1887 ;
439 1815 489 1874 sed
506 1823 537 1875 tu
552 1814 639 1875 simul
655 1815 789 1894 obligasti

249 1899 399 1960 Perfidum
414 1898 488 1959 votis
504 1907 601 1977 caput,
618 1900 755 1961 enitescis

250 1983 406 2045 Pulchrior
420 1982 514 2043 multo
531 1983 730 2062 iuvenumque
746 1984 847 2064 prodis

330 2067 449 2128 Publica
465 2085 552 2139 cura;

250 2186 376 2265 Expedit
390 2185 491 2246 matris
506 2186 622 2247 cineres
637 2196 758 2266 opertos

253 2271 366 2331 Fallere
382 2279 411 2330 et
426 2279 488 2331 toto
504 2271 649 2332 taciturna
666 2271 762 2333 noctis
783 2304 784 2308 =

252 2357 342 2435 Signa
358 2373 424 2416 cum
442 2355 521 2416 caelo
538 2355 690 2435 gelidaque
705 2357 787 2417 divos

327 2440 422 2501 Morte
438 2442 575 2501 carentis.

250 2559 337 2620 Ridet
351 2560 418 2632 hoc,
434 2559 565 2637 inquam,
582 2559 680 2620 Venus
696 2560 769 2639 ipsa,
786 2559 883 2620 rident

251 2644 406 2723 Simplices
422 2644 573 2724 Nymphae
588 2646 669 2705 serus
685 2653 715 2704 et
730 2644 852 2723 Cupido,

251 2730 375 2809 Semper
390 2729 520 2790 ardentis
536 2747 646 2789 acuens
661 2729 779 2806 sagittas

330 2814 400 2875 Cote
416 2822 549 2875 cruenta.

250 2932 332 2992 aude
348 2932 428 3009 quod
443 2931 537 3008 pubes
551 2929 606 2990 tibi
621 2931 727 2992 crescit
743 2933 848 3003 omnis,

251 3017 382 3076 Servitus
398 3016 504 3076 crescit
520 3032 595 3075 nova
611 3033 666 3075 nec
683 3016 798 3095 priores

250 3100 360 3180 lmpiac
375 3108 486 3160 tectum
502 3100 639 3161 dominae
655 3101 838 3181 relinquunt,

180 3196 209 3246 20
330 3185 425 3263 Saepe
440 3185 552 3245 minati.

251 3303 294 3363 Te
311 3303 372 3363 suis
387 3313 495 3364 matres
509 3313 648 3365 metuunt
663 3303 803 3375 iuvencis,

252 3387 293 3447 'le
309 3406 396 3448 senes
411 3389 491 3466 parci
507 3389 701 3467 miseraeque,
718 3407 814 3467 nuper

251 3471 397 3550 Virgines,
414 3483 533 3552 nuptae,
549 3481 599 3533 tua
615 3493 653 3534 ne
669 3472 798 3534 retardet

328 3558 405 3618 Aura
421 3557 550 3619 maritos.

212 3740 264 3791 Vlll
283 3757 306 3793 u.
325 3743 341 3793 2
358 3740 458 3804 Barine]
472 3739 508 3801 cs.
521 3741 553 3792 H.
568 3739 663 3792 Usener
680 3755 745 3792 mus.
762 3741 827 3806 phil.
841 3743 881 3803 24,
900 3742 962 3792 341:
981 3738 1076 3790 Varine
1094 3739 1146 3802 (cf.
1154 3742 1207 3796 ur.

124 3809 254 3862 Ba'c'clreler
273 3808 340 3862 ibid.
359 3811 400 3872 37,
420 3810 525 3874 229aq.)
541 3808 577 3873 13
597 3824 661 3860 unco
680 3810 701 3859 Ι.
718 3809 818 3860 Horlrel
836 3808 907 3860 anal.
926 3808 990 3859 Hor.
1006 3823 1033 3872 p.
1053 3809 1135 3876 eosq.

584 3929 735 3937 *-
