2640 4372
508 201 679 255 CARMlNUll
697 204 727 256 lll
748 209 786 259 ll.
809 209 848 260 12.

270 371 333 432 Una
358 373 393 432 de
416 373 515 433 multis
538 375 600 433 iace
623 375 747 454 nuptiali
900 448 902 452 Ι

268 456 363 536 Digna
385 458 536 537 periurum
560 458 615 518 fuit
637 460 666 523 in
691 468 843 538 parentem

195 551 224 600 35
269 542 429 620 Splendide
451 544 577 602 mendax
600 553 629 604 et
651 545 681 604 iu
706 564 794 605 omne
816 545 897 623 virgo

342 627 454 688 Nobilis
475 646 588 701 aevum,

264 736 396 821 ‘Surgel‘
422 763 496 822 quae
518 745 590 805 dixit
611 746 710 806 iuveni
734 747 848 819 marito,

263 819 382 907 ‘Surge
406 849 443 890 no
465 831 573 908 longus
595 830 647 890 tibi
670 849 803 905 somnus,
826 831 905 891 unde

266 913 331 972 Non
354 914 449 987 times,
472 915 573 974 deturl
596 933 732 975 socerum
756 924 785 975 et
806 917 944 977 scelestas

193 1007 222 1055 4ο
349 997 428 1058 Falle
449 1018 576 1072 sorores,

265 1113 355 1187 Quae,
378 1118 456 1178 velut
479 1126 582 1176 nactae
604 1116 710 1177 vitulos
731 1117 861 1189 leaenae,

266 1199 406 1278 Singulos
429 1203 504 1261 eheu
526 1201 671 1261 lacerantl
695 1219 749 1278 ego
773 1202 828 1262 illis

264 1283 380 1346 Mollior
403 1305 458 1346 neo
480 1294 510 1346 te
532 1286 634 1345 leriam
658 1304 756 1363 neque
778 1287 855 1346 intra

341 1370 471 1432 Claustra
494 1369 617 1430 tenebo:

190 1499 220 1548 45
263 1489 309 1549 Me
332 1496 416 1567 pater
438 1488 529 1549 saevis
551 1498 657 1548 oneret
679 1488 800 1560 catenis,

263 1573 347 1644 Quod
371 1574 432 1633 viro
457 1573 587 1633 clemens
610 1573 717 1634 misero
740 1572 870 1651 peperci,

263 1659 309 1718 Me
331 1659 377 1718 vel
400 1669 546 1720 extremos
568 1658 758 1718 Numidarum
782 1658 812 1716 in
837 1675 922 1736 agros

338 1741 436 1804 Classe
458 1743 578 1821 releget.

260 1861 281 1933 l,
304 1860 394 1938 pedes
418 1880 476 1938 quo
499 1871 528 1920 te
550 1860 670 1938 rapiunt
693 1868 722 1918 et
745 1877 843 1932 aurae,

189 1956 218 2005 50
261 1945 336 2004 llum
360 1945 437 2004 favet
460 1963 517 2004 nox
541 1953 569 2004 et
593 1944 700 2015 Venus,
724 1943 732 2002 i
755 1943 885 2003 seeundo

263 2027 369 2088 Omine
392 2037 422 2088 et
444 2028 538 2088 nostri
561 2045 721 2086 memorem
745 2028 882 2106 sepulcro

337 2113 441 2191 Scalpe
465 2103 640 2190 querellam?

638 2329 691 2389 Xll

260 2431 433 2494 Miserarum
457 2443 501 2493 est
524 2451 621 2510 neque
643 2431 737 2492 amori
759 2430 827 2490 dare
849 2430 950 2490 ludum
975 2449 1071 2509 neque
1093 2433 1173 2494 dulci

258 2517 332 2577 Mala
354 2519 423 2578 vino
445 2519 541 2578 lavere
564 2526 614 2577 aut
636 2516 796 2578 exanimari
819 2517 978 2576 metuentis

334 2603 460 2663 Patruae
480 2602 602 2663 verbera
625 2603 752 2681 linguae.

258 2721 324 2782 'libi
348 2723 467 2800 qualum
492 2721 651 2801 Cythereae
674 2738 748 2798 puer
770 2719 837 2791 ales,
860 2719 913 2778 tibi
937 2720 1008 2780 telas

201 2818 215 2865 5
260 2806 470 2886 Operosaeque
493 2806 641 2865 Minervae
663 2805 792 2864 studium
816 2805 920 2875 aufert,
936 2803 1085 2882 ,Neobule

334 2891 469 2969 Liparaei
493 2892 570 2950 nitor
593 2889 693 2961 Hebri,

239 2973 352 3068 *Simul
375 3018 481 3068 unctos
504 3007 651 3067 Tiberinis
675 3024 793 3066 umeros
815 3006 883 3065 lavit
904 3006 934 3065 in
959 3006 1055 3079 undis,

258 3090 357 3168 Eques
380 3094 444 3170 ipso
467 3092 571 3152 melior
593 3091 831 3170 Bellerophonte,
855 3109 952 3169 neque
975 3109 1080 3169 pugno

334 3176 436 3253 Neque
452 3177 534 3254 segni
558 3177 632 3255 pede
654 3176 755 3247 vietus,

187 3301 214 3350 10
258 3290 345 3353 Catus
367 3294 443 3354 idem
466 3314 519 3374 per
542 3304 675 3373 apertum
700 3295 839 3373 fugientis
861 3294 967 3372 agitato

256 3376 352 3456 Grege
374 3398 475 3439 cervos
497 3380 616 3440 iaculari
640 3390 668 3440 et
691 3380 769 3439 celer
791 3390 854 3440 arto
877 3379 1039 3440 latitantem

332 3463 481 3524 Fruticeto
504 3467 639 3543 excipere
662 3484 777 3544 aprum.

215 3594 245 3645 lll
264 3611 288 3645 o.
308 3599 339 3648 51
358 3598 448 3659 nostri]
467 3599 533 3648 vatis
552 3565 638 3649 llorati
657 3602 690 3659 to.
704 3597 736 3647 lV
751 3600 774 3660 6,
793 3600 836 3660 44)
853 3613 932 3648 anon.
952 3597 1016 3647 Boo.
1035 3599 1067 3647 de
1084 3614 1154 3651 nom.
1173 3605 1201 3650 et

123 3677 263 3729 praeatum.
283 3662 305 3712 V
319 3679 347 3729 p.
367 3667 424 3728 555,
445 3667 519 3732 lSsq.
533 3666 558 3716 I(
578 3669 582 3732 l
607 3669 639 3718 52
652 3666 741 3730 sculpe
752 3666 788 3728 (o)
800 3667 843 3728 (=
854 3663 955 3726 semina
971 3664 1089 3718 Traiano
1103 3683 1202 3734 aequa-

126 3731 159 3781 lis
182 3735 212 3780 in
235 3735 315 3783 inser.
334 3733 503 3799 Aegyptiace
523 3734 579 3785 CIL
596 3733 626 3784 lll
649 3749 675 3784 n.
695 3735 725 3785 21
750 3729 786 3792 os.
809 3733 880 3784 anal.
899 3735 935 3783 ad
952 3749 1034 3785 earm.
1053 3736 1118 3787 Hor.
1137 3739 1200 3788 nist.

124 3798 155 3850 m
174 3798 344 3921 20llllvoiill
366 3872 392 3918 el
410 3882 458 3918 om.
475 3867 479 3934 Ι
496 3867 548 3918 alto

586 3954 737 3962 ——
