2640 4372
446 114 636 168 sarmationi
654 115 674 167 ΙΙ
692 118 716 169 2.
1062 113 1120 176 15?

136 289 268 350 Membra
291 289 378 361 dedit,
400 299 520 366 vegetus
543 289 722 368 praescripta
746 289 781 350 ad
804 290 905 349 munia
928 292 1031 370 surgit.

136 375 191 435 Hic
213 385 311 435 tamen
335 373 370 434 ad
392 374 497 435 melius
520 374 629 452 poterit
651 382 856 434 transcurrere
879 375 1038 452 quondam,

137 460 203 520 Sive
226 460 302 520 diem
325 460 432 520 festum
456 459 574 519 rediens
597 459 746 519 advexerit
767 478 865 520 annus

136 545 196 606 Seu
218 562 353 606 recreare
375 545 454 605 volet
476 554 629 604 tenuatum
653 563 762 624 corpus
784 544 895 622 ubique

136 630 288 691 Accedent
309 630 390 703 anni,
412 631 531 690 tractari
555 630 672 690 mollius
694 640 773 690 aetas
1097 640 1125 691 85

136 715 285 776 Imbecilla
306 715 399 789 volet;
421 715 475 775 tihi
498 714 637 794 quidnam
660 716 779 775 accedet
801 715 837 774 ad
861 715 954 788 istam,

137 799 233 870 Quam
255 819 331 880 puer
354 810 384 860 et
404 800 515 861 validus
537 802 710 880 praesumis,
734 800 895 871 mollitiem,
919 819 972 861 seu

138 886 216 946 [iura
237 886 372 946 valetudo
395 885 532 946 inciderit
553 904 605 945 seu
628 887 710 946 tarda
732 883 893 946 senectus?
915 919 958 928 —

138 970 302 1032 Rancidum
327 988 431 1048 aprum
454 970 567 1048 antiqui
591 970 758 1041 laudabant,
782 991 842 1031 non
866 971 933 1048 quia
958 989 1047 1032 nasus

137 1054 197 1116 ldis
220 1056 319 1116 nuilus
341 1064 415 1128 erat,
437 1055 497 1128 sed,
521 1056 619 1127 oredo,
641 1057 697 1115 hac
718 1067 829 1127 mente,
852 1055 932 1133 qnod
954 1057 1063 1134 hospes
1098 1065 1127 1117 9)

137 1139 262 1202 Tardius
283 1140 442 1201 adveniens
462 1140 593 1201 vitiatum
618 1140 801 1201 commodius
823 1159 911 1219 quam

137 1224 288 1306 {ntegrum
312 1225 384 1286 edax
406 1225 544 1285 dominus
566 1238 763 1286 consumeret.
808 1226 869 1287 Hos
891 1226 1003 1286 utinam
1027 1226 1106 1286 inter

138 1310 250 1372 Heroas
273 1319 373 1371 natum
397 1311 483 1371 tellus
505 1329 552 1370 me
575 1312 667 1389 prima
690 1311 819 1372 tulisset!
841 1345 883 1356 -

138 1395 194 1456 lias
216 1395 326 1474 aliquid
349 1398 451 1468 famae,
475 1414 549 1474 quae
573 1397 703 1455 carmine
726 1397 836 1474 gratior
858 1415 958 1457 aurern

139 1479 272 1560 Occupet
294 1478 475 1541 humanam?
498 1482 623 1559 grandes
645 1480 763 1540 rhombi
784 1482 961 1560 patinaeque
1099 1492 1127 1542 99

140 1564 258 1626 Grande
280 1566 380 1626 ierunt
402 1585 460 1626 una
484 1584 551 1626 eum
574 1567 681 1625 damno
704 1566 841 1627 dedecus.
887 1567 967 1627 ddde

137 1649 246 1712 Iratum
268 1659 416 1729 patruum,
440 1651 559 1722 vicinos,
584 1661 612 1710 te
634 1650 687 1710 tibi
709 1651 843 1729 iniquum

140 1735 176 1796 Et
197 1736 308 1798 frustra
330 1736 434 1797 mortis
457 1737 605 1814 cupidum,
630 1754 697 1795 cum
721 1737 797 1796 derit
818 1738 917 1815 egenti

139 1825 187 1893 ds,
210 1821 307 1900 laquei
331 1823 470 1900 pretium.
513 1817 602 1880 ‘lure'
627 1821 725 1899 inquit
743 1814 898 1883 ‘Trausius
920 1822 982 1884 istis

140 1905 276 1985 iurgatur
297 1906 410 1981 verbis;
434 1926 489 1985 ego
511 1907 661 1984 vectigalia
685 1923 791 1983 magna
1087 1917 1128 1968 too

140 1991 317 2070 divitiasque
339 1990 436 2052 haheo
459 1992 553 2052 tribus
576 1993 688 2070 amplas
711 1987 849 2071 regibus?
896 1991 975 2071 Ergo

138 2076 224 2147 Quod
248 2087 368 2155 superat
391 2097 451 2136 non
476 2085 520 2137 est
542 2078 645 2138 melius
669 2096 727 2155 quo
751 2079 900 2139 insumere
922 2075 1040 2156 possis?

141 2160 201 2222 Cur
223 2171 291 2240 eget
312 2162 454 2241 indignus
477 2163 634 2241 quisquam
655 2172 685 2223 te
708 2162 817 2224 divite?
841 2181 931 2241 quare

141 2245 263 2327 Templa
285 2257 378 2306 ruunt
398 2246 519 2325 antiqua
541 2246 652 2308 deum?
675 2266 738 2321 cur,
762 2248 906 2328 improbe,
929 2265 1013 2307 carae

141 2330 207 2393 Non
231 2331 339 2410 aliquid
363 2332 473 2410 patriae
497 2343 578 2392 tanto
602 2333 732 2393 emetiris
754 2329 879 2393 acervo?
960 2329 963 2336 '
1088 2339 1129 2390 105

141 2417 200 2478 Uni
222 2417 362 2477 nimirum
386 2426 466 2477 recte
489 2416 541 2476 tihi
565 2435 683 2495 semper
704 2426 793 2477 erunt
814 2436 871 2488 res,

144 2502 168 2563 Ο
192 2520 317 2581 magnus
340 2502 462 2581 posthac
485 2501 611 2562 inimicis
634 2501 724 2562 risust
770 2500 883 2561 Uterne

93 2624 96 2630 ·
143 2587 185 2648 dd
208 2606 293 2648 casus
315 2586 421 2648 duhios
443 2587 513 2646 fidet
535 2586 589 2646 sihi
613 2584 742 2646 certius?
764 2586 812 2646 hic
835 2586 885 2663 qui

143 2672 280 2734 Pluribus
303 2671 433 2733 adsuerit
455 2683 584 2732 mentem
607 2689 777 2751 corpusque
799 2670 970 2748 superbum,

143 2761 187 2818 dn
212 2758 261 2836 qui
285 2765 446 2817 contentus
468 2775 559 2836 parvo
582 2766 776 2835 metuensque
798 2756 890 2817 futuri
1087 2760 1130 2811 119

142 2843 175 2904 in
199 2861 280 2922 pace,
304 2851 337 2902 ut
359 2842 485 2920 sapiens,
509 2843 616 2921 aptarit
638 2842 744 2922 idonea
766 2839 866 2903 helio?
882 2876 924 2885 —

142 2927 208 2998 Quo
231 2927 322 3006 magis
345 2927 390 2987 his
411 2927 522 3001 credas,
545 2946 620 3007 puer
641 2928 722 2987 hunc
745 2947 799 3008 ego
822 2945 928 3007 parvus
951 2923 1078 2984 Ofellum

142 3012 268 3090 integris
290 3011 396 3091 opibus
420 3014 487 3072 nori
510 3032 572 3072 non
595 3013 680 3073 latius
702 3032 798 3088 usum,

143 3097 237 3168 Quam
261 3116 343 3157 nunc
365 3097 475 3158 accisis.
523 3098 626 3158 Videas
648 3107 755 3158 metato
778 3099 808 3158 in
831 3098 925 3177 agello

143 3183 216 3244 Cum
239 3200 347 3261 pecore
370 3191 398 3241 et
421 3184 516 3260 gnatis
538 3185 645 3243 fortem
667 3185 802 3245 mercede
826 3183 975 3256 colonum,
1088 3189 1129 3240 119

140 3260 219 3327 ‘Non
244 3257 306 3346 ego’
334 3277 504 3327 narrantem
524 3261 649 3329 ‘temero
672 3269 717 3328 edi
740 3269 805 3329 luce
829 3269 959 3347 profesta

143 3351 307 3431 Quicquam
330 3363 447 3431 praeter
468 3353 555 3414 holus
577 3355 709 3416 fumosae
731 3373 798 3415 cum
821 3355 896 3433 pede
920 3371 1040 3431 pernae.

143 3603 163 3655 11
180 3620 203 3656 o.
213 3605 428 3659 SdubiveBentL
445 3606 449 3669 Ι
465 3606 496 3657 85
507 3610 533 3656 et
544 3604 644 3655 tractari
657 3607 691 3668 ΙυΙ
706 3603 790 3653 Bentl.
807 3602 811 3667 Ι
827 3605 857 3655 91
872 3602 974 3654 uitiaret
988 3603 992 3667 Ι
1008 3604 1040 3654 95
1055 3617 1129 3652 occu-

87 3673 112 3735 et]
130 3697 163 3716 =
175 3673 224 3725 13⁰:
243 3676 353 3739 occupat
368 3672 372 3738 Ι
388 3672 538 3724 humanam:
557 3673 591 3724 ol.
606 3669 611 3741 Ι
627 3675 660 3726 99
680 3687 723 3724 aes
739 3673 743 3738 Ι
759 3669 867 3722 Treuius
886 3674 912 3720 et
929 3670 1035 3721 Tranius
1054 3674 1101 3720 etc.
1125 3667 1131 3738 Ι

87 3740 110 3791 ta
129 3748 213 3792 rectae
232 3744 274 3808 (ε
293 3741 339 3806 ΒἸ
360 3740 406 3791 tihi
424 3746 449 3791 at
467 3741 514 3792 tihi
536 3745 605 3792 recte
628 3742 663 3806 ΙυΙ
690 3743 694 3805 Ι
723 3741 770 3792 198
793 3738 850 3790 fidit
877 3740 881 3806 Ι
908 3740 957 3790 112
979 3740 1051 3802 puer]
1079 3739 1128 3803 (υΙε

87 3821 164 3858 rerum
