2640 4372
400 207 630 261 EPISTULARUM
648 209 658 260 l
679 210 718 260 16.
738 211 778 263 ll.

137 381 336 461 Compedibus
358 399 442 443 saevo
468 392 495 440 te
518 378 572 440 sub
596 382 717 442 custode
740 376 867 442 tenebo?

133 463 213 546 ‘lpse
236 468 318 539 deus,
341 467 518 545 simulatque
540 465 644 536 volam,
668 485 715 526 me
737 461 848 528 solvet?
895 466 1019 546 Opinor,

139 553 203 612 lloc
226 553 315 614 sentit
334 543 474 612 ‘moriar‘.
519 550 598 611 Mors
620 550 721 612 ultima
745 552 821 612 linea
843 569 943 612 rerum
966 563 1020 614 est.

552 822 631 882 XVll

141 941 288 1013 Quamvis,
313 942 431 1014 Scaeva,
454 942 522 1002 satis
543 959 599 1021 per
620 949 649 1001 te
671 939 724 1000 tibi
747 942 877 1002 consulis
900 951 929 1003 et
950 944 1016 1016 seis,

142 1026 207 1097 Quo
231 1026 350 1087 tandem
372 1036 459 1105 paeto
482 1028 585 1087 deceat
607 1025 769 1086 maioribus
792 1027 843 1100 uti,

141 1111 227 1172 Disce
249 1110 402 1173 docendus
423 1112 519 1172 adhuc
542 1130 617 1189 quae
641 1121 743 1172 censet
765 1112 916 1186 amiculus,
941 1122 974 1174 ut
996 1115 1020 1175 si

143 1197 254 1257 Caecus
276 1199 333 1257 iter
356 1205 521 1258 monstrare
543 1196 627 1271 velit3
650 1206 747 1256 tamen
772 1197 899 1276 adspice,
922 1199 1017 1278 siquid

142 1282 180 1341 Et
202 1301 266 1356 nos,
290 1282 367 1361 quod
392 1300 479 1343 cures
500 1281 654 1361 proprium
677 1281 791 1355 fecisse,
814 1282 979 1361 loquamur.
1002 1320 1043 1330 -
1118 1296 1132 1345 ⁵

143 1366 174 1426 Si
195 1376 225 1427 te
247 1377 329 1446 grata
352 1367 436 1446 quies
460 1377 489 1427 et
510 1367 635 1447 primam
658 1384 782 1427 somnus
804 1368 835 1427 in
858 1369 960 1430 horam

142 1451 283 1526 Delectat,
307 1453 331 1513 si
354 1461 383 1513 te
405 1452 500 1532 pulvis
522 1452 722 1531 strepitusque
744 1463 886 1527 rotarum,

143 1536 175 1596 Si
197 1537 286 1597 laedit
307 1555 452 1617 caupona,
476 1536 671 1598 Ferentinum
694 1537 737 1597 ire
760 1536 886 1613 iubebo;

143 1621 217 1682 Nam
241 1641 338 1701 neque
361 1622 499 1683 divitibus
521 1622 701 1700 contingunt
724 1622 830 1701 gaudia
853 1624 923 1685 solis

143 1707 205 1768 Nec
226 1708 297 1768 vixit
318 1709 401 1779 male,
425 1708 476 1786 qui
500 1717 585 1768 uatus
607 1707 799 1786 moriensque
821 1708 933 1770 fefellit.
1107 1720 1134 1772 lt

144 1790 176 1852 Si
197 1793 337 1871 prodesse
361 1793 419 1853 tuis
441 1792 600 1872 paulloque
622 1791 781 1872 benignius
804 1794 900 1873 ipsum

145 1877 186 1938 Te
209 1887 334 1939 tractare
356 1878 446 1950 voles,
469 1876 591 1938 accedes
614 1876 710 1938 siccus
732 1879 767 1938 ad
791 1888 924 1940 unctum.

141 1957 186 2023 ‘Si
209 1964 369 2042 pranderet
390 1962 477 2024 holus
493 1962 657 2067 patienter,
680 1963 801 2042 regibus
823 1964 866 2025 uti

146 2047 244 2108 Nollet
265 2038 450 2127 Aristippus.³
507 2048 538 2109 Si
560 2048 650 2109 sciret
672 2048 792 2128 regibus
816 2049 868 2123 uti,

146 2132 302 2194 Fastidiret
323 2133 418 2207 holus,
442 2134 493 2212 qui
516 2152 562 2194 me
586 2129 687 2194 notat.³
733 2134 834 2196 Utrius
857 2136 964 2196 borum
1109 2146 1136 2197 15
1203 2208 1204 2211 Ἴ

148 2217 244 2278 Verba
266 2218 376 2297 probes
398 2227 427 2278 et
448 2220 524 2279 lacta
547 2220 630 2294 doce,
655 2218 700 2279 vel
723 2220 823 2281 iunior
846 2221 923 2294 audi,

148 2303 208 2364 Cur
229 2303 267 2364 sit
288 2303 430 2382 Aristippi
452 2304 552 2382 potior
573 2304 728 2364 sententia.
773 2305 906 2385 Namque

149 2388 314 2449 Mordaoem
338 2388 480 2468 Cynicum
503 2388 545 2448 sic
567 2387 712 2460 eludebat,
735 2398 767 2449 ut
789 2390 887 2451 aiunt:

146 2468 287 2534 ‘Scurror
309 2491 363 2551 ego
387 2473 450 2551 ipse
473 2472 553 2543 mihi,
576 2473 688 2551 populo
711 2481 758 2548 tu;
782 2474 892 2535 rectius
914 2476 972 2536 hoc
995 2486 1024 2536 et

150 2557 339 2637 Splendidius
361 2557 454 2617 multo
477 2565 530 2617 est.
568 2556 670 2634 Equus
693 2567 727 2617 ut
747 2576 794 2618 me
816 2569 924 2637 portet,
948 2561 1005 2620 alat
1027 2578 1088 2633 rex,
1110 2571 1139 2622 to

152 2643 289 2704 Olfieium
313 2643 403 2717 lacio;
427 2651 459 2702 tu
481 2639 579 2720 poscis
600 2641 675 2715 vilia,
698 2659 801 2702 rerum

150 2729 243 2788 llante
266 2728 373 2801 minor,
396 2727 528 2806 quamvis
550 2727 609 2786 sors
630 2735 660 2786 te
683 2725 793 2788 nullius
815 2724 972 2807 egentem’

152 2812 256 2874 Omnis
279 2813 460 2892 Aristippum
484 2811 583 2872 decuit
607 2810 690 2872 color
712 2821 741 2872 et
762 2821 855 2874 status
878 2825 986 2885 etms,

149 2898 356 2978 Temptantem
379 2897 490 2958 maiora
511 2898 584 2969 fere,
606 2897 814 2976 praesentibus
836 2916 979 2977 aequum;

152 2982 270 3057 Contra,
294 3002 383 3062 quem
405 2982 515 3061 duplici
537 3000 638 3061 panno
662 2982 801 3061 patientia
823 2984 908 3057 velat,
1112 2994 1140 3044 25

151 3067 289 3141 Mirabor,
312 3070 386 3129 vitae
408 3067 453 3127 via
475 3067 500 3127 si
522 3085 663 3128 conversa
685 3066 810 3129 decebit.

152 3153 233 3213 Alter
255 3171 439 3233 purpureum
463 3171 523 3213 non
548 3152 728 3231 exspectabit
750 3154 899 3226 amictum,

153 3237 304 3309 Quidlibet
326 3239 447 3299 indutus
469 3237 661 3298 celeberrima
684 3255 739 3316 per
760 3238 824 3299 loca
847 3240 930 3300 vadet

152 3323 373 3400 Personamque
395 3323 469 3383 leret
492 3342 554 3383 non
577 3323 778 3384 inconcinnus
800 3333 973 3405 utramque;

153 3407 235 3467 Alter
257 3407 347 3468 blileti
370 3415 478 3468 textam
502 3425 575 3468 cane
597 3408 682 3487 peius
704 3416 734 3468 et
755 3427 852 3489 angue
1112 3418 1142 3468 ao

154 3491 261 3552 Vitabit
284 3491 457 3567 chlanidem‚
480 3493 624 3553 morietur
646 3493 764 3570 frigore,
788 3495 812 3556 si
835 3514 895 3556 non

94 3596 272 3604 *-

154 3625 262 3678 xv11o.
282 3627 297 3678 2
317 3631 418 3678 tenuem
437 3625 579 3678 Horkelius
596 3629 670 3679 anal.
689 3628 754 3678 Hor.
768 3643 797 3693 p.
818 3630 867 3682 129
880 3646 916 3694 sq.
934 3628 939 3694 Ι
955 3631 970 3680 8
988 3628 1076 3692 laedit]
1094 3629 1143 3692 (vlt

94 3694 176 3747 edeto
189 3694 298 3746 laedato
315 3694 320 3761 Ι
336 3696 366 3746 21
378 3695 583 3756 verum-Bo:
604 3710 691 3747 uerum
703 3710 730 3746 es
748 3711 762 3746 o
782 3711 865 3748 rerum
878 3700 914 3762 (o)
932 3711 1013 3747 rerum
1035 3712 1063 3748 es
1082 3698 1117 3760 (o)
1137 3694 1140 3762 l

94 3767 103 3814 l
122 3763 218 3814 maiora
236 3763 307 3827 sere‚]
326 3760 541 3813 Doederleinius:
567 3763 672 3825 maiora,
691 3762 743 3814 lere
761 3764 826 3829 ng.l
848 3766 879 3816 30
898 3765 975 3829 angui
997 3766 1001 3830 Ι
1022 3766 1053 3818 31
1074 3762 1144 3815 chla-

94 3828 165 3899 dem]
180 3831 314 3898 Oruquiue
331 3829 376 3893 (M.
389 3829 494 3881 Bonnet
505 3846 559 3885 reo.
578 3831 609 3882 do
625 3831 720 3897 philol.
738 3847 764 3882 n.
777 3849 797 3883 s.
811 3837 834 3895 1,
848 3834 896 3885 200
909 3836 973 3898 eqd:
991 3831 1143 3884 chlamidem

96 3902 105 3965 )
123 3898 257 3951 clamidem
274 3917 290 3950 o
309 3895 469 3966 chlamydem
488 3913 531 3964 eg.
