2640 4372
506 225 677 278 CARllllNthl
695 226 728 278 lV
746 231 770 279 l.
789 232 812 280 5.

252 397 320 459 Non
344 397 436 476 hydra
459 407 539 460 secto
562 418 688 478 corpore
711 400 824 460 firmior

254 483 339 544 Vinci
363 483 510 543 dolentem
533 485 624 545 crevit
646 485 676 544 in
700 485 856 546 Herculem

303 568 503 629 Monstrumve
525 570 689 630 submisere
713 570 812 630 Colchi

354 653 445 714 Maius
467 653 661 715 Echioniaeve
684 655 811 715 Thebae.

255 771 365 833 Merses
387 774 546 852 profundo,
569 773 721 852 pulchrior
743 773 855 846 evenit;

254 856 393 931 Luctere‚
416 857 506 919 multa
529 870 652 938 proruet
675 859 822 938 integrum

305 944 377 1004 Cum
400 944 484 1003 laude
507 944 646 1004 victorem
670 956 811 1022 geretque

355 1028 468 1088 Proelia
491 1029 667 1108 coniugibus
690 1030 848 1106 loquenda.

257 1145 426 1226 Carthagini
448 1147 504 1207 iam
528 1167 588 1208 non
613 1168 668 1228 ego
692 1149 812 1210 nuntios

256 1229 368 1291 Mittam
391 1232 552 1310 superbos:
577 1233 692 1307 occidit,
717 1233 823 1295 occidit

304 1317 377 1395 Spes
401 1317 496 1377 omnis
519 1328 548 1377 et
571 1319 688 1380 fortuna
711 1319 804 1380 nostri

354 1401 488 1462 Nominis
511 1402 691 1464 Hasdrubale
714 1396 911 1482 interempto?
936 1436 977 1445 -

257 1519 305 1580 Nil
328 1520 463 1582 Claudiae
487 1541 547 1582 non
572 1516 729 1600 perficiunt
751 1540 865 1597 manus,

260 1604 339 1675 Quas
362 1616 392 1667 et
415 1606 545 1685 benigno
570 1605 692 1664 nunrine
715 1605 849 1685 luppiter

306 1692 441 1752 Defendit
463 1703 492 1751 et
514 1710 602 1751 curae
625 1709 743 1768 sagaces

358 1776 526 1855 Expediunt
548 1795 601 1855 per
623 1786 708 1836 acuta
730 1776 808 1837 helli.

595 1933 746 1940 -—-——

655 2066 675 2122 V

261 2179 339 2240 Divis
362 2188 425 2240 orte
448 2182 543 2252 honis,
567 2183 678 2261 optime
701 2183 842 2243 Romulae

260 2265 365 2326 Custos
388 2267 493 2344 gentis,
516 2268 585 2328 ahes
608 2268 664 2327 iam
689 2268 811 2328 nimium
835 2268 900 2327 diu:

260 2350 406 2411 illaturum
430 2352 555 2412 reditum
578 2353 725 2431 pollicitus
748 2363 863 2431 patrum

338 2435 447 2497 Sancto
471 2437 594 2497 consilio
618 2437 691 2496 redi.

259 2553 371 2615 Lucem
393 2556 482 2616 redde
505 2565 581 2628 tuae,
605 2555 663 2614 dux
685 2555 772 2626 hone,
796 2554 923 2631 patriae:

259 2637 355 2700 lustar
377 2641 453 2700 veris
476 2640 556 2700 enim
578 2639 673 2698 voltus
695 2639 745 2699 uhi
769 2650 837 2698 tuus

260 2725 387 2785 hdlulsit
410 2726 532 2804 populo,
555 2725 667 2801 gratior
689 2724 711 2783 it
733 2724 796 2784 dies

338 2809 375 2869 Et
396 2812 473 2871 soles
496 2810 599 2869 melius
624 2810 727 2869 nitent.

261 2925 299 2987 Ut
322 2938 414 2988 mater
437 2930 582 3001 iuvenem,
607 2947 695 3007 quom
718 2928 810 2988 h'otus
833 2925 933 2986 invido

258 3010 343 3072 Flatu
367 3014 512 3093 Carpathii
537 3025 618 3074 trans
641 3013 730 3074 maris
753 3029 880 3090 aequora

260 3095 455 3159 Cunctantem
478 3099 572 3177 spatio
596 3099 714 3175 longius
737 3117 837 3158 annuo

336 3183 418 3243 Dulci
442 3184 560 3244 distinet
582 3203 597 3244 a
621 3184 718 3254 domo,

257 3299 340 3362 Votis
364 3302 570 3380 ominibusque
594 3311 623 3361 et
645 3301 783 3380 precibus
807 3310 899 3373 vocat,

259 3383 352 3445 Curvo
376 3406 431 3448 nec
454 3389 558 3447 faciem
581 3387 667 3447 litore
690 3386 825 3457 dimovet,

132 3536 336 3547 ——-—-

212 3634 244 3685 lV
263 3653 286 3690 o.
305 3640 336 3689 65
356 3654 453 3690 mersus
469 3641 473 3705 l
489 3642 521 3690 66
540 3639 636 3704 proruit
655 3638 755 3703 (υ)16ῖ
776 3638 892 3702 geritque
911 3637 945 3699 (o)
961 3633 965 3699 Ι
982 3650 1004 3682 υ.
1025 3631 1125 3682 aze-te
1148 3630 1202 3679 Ho-

124 3705 197 3757 ratio
220 3707 346 3756 tribuunt
367 3708 538 3767 scholiastae,
564 3705 697 3756 Hannibali
722 3707 842 3771 plerique
868 3703 983 3753 editores
1000 3702 1163 3749 recentiores
1204 3701 1209 3764 Ι
1249 3760 1251 3764 y

128 3769 380 3837 ceperannum
406 3778 453 3838 lul:
474 3774 605 3839 perficient
1103 3833 1128 3845 ..

214 3838 236 3889 V
256 3858 278 3906 υ.
298 3847 314 3894 4
332 3843 448 3904 consilio]
472 3847 515 3905 (o),
534 3841 602 3892 Maru
622 3839 691 3892 Vict.
707 3858 734 3905 p.
757 3844 811 3905 lli,
831 3843 845 3890 5
868 3838 895 3889 K.
921 3833 1147 3900 (Foa):c0nctl10
1167 3850 1180 3882 u
1205 3837 1210 3897 Ι

130 3909 275 3976 ’161661
310 3915 342 3964 14
359 3911 479 3963 demouet
498 3913 533 3975 (u)
