2640 4372
123 258 163 316 86
521 258 692 311 CARbllNUlll
710 258 743 310 lV
761 264 786 312 4.

179 444 209 492 25
253 432 388 505 Sensum,
412 430 481 509 quid
505 450 588 491 mens
609 431 675 503 rite,
699 431 769 509 quid
791 433 905 494 indoles

250 517 365 577 Nutrita
387 516 489 577 laustis
511 515 565 575 sub
587 516 788 594 penetralibus

297 602 409 675 Posset,
433 601 503 679 quid
525 601 649 678 Augusti
670 612 812 680 paternus

348 687 382 746 ln
405 704 515 766 pueros
536 686 652 747 animus
674 686 816 747 Nerones.
840 720 880 728 -

252 804 355 866 Fortes
379 814 516 865 creantur
538 805 665 866 lortibus
687 816 716 865 et
738 805 844 866 bonis:

180 901 209 950 30
252 889 305 950 Est
325 891 355 950 in
379 890 520 963 iuvencis,
543 891 638 951 estin
662 889 744 967 equis
768 900 884 968 patrum

297 975 405 1049 Virtus,
430 993 527 1053 neque
550 975 687 1035 inbellem
712 976 826 1034 feroces

327 1061 553 1139 >”Progenerant
575 1060 688 1138 aquilae
711 1060 893 1130 columbam;

253 1180 392 1241 Doctrina
416 1179 466 1239 sed
489 1179 546 1238 vim
568 1188 723 1258 promovet
745 1178 863 1238 insitam
971 1239 972 1244 ,

255 1264 397 1343 Rectique
420 1264 517 1324 cultus
539 1274 659 1342 pectora
682 1263 840 1323 roborant:

184 1359 212 1408 55
299 1349 464 1427 Utcumque
487 1347 621 1408 defecere
643 1367 752 1420 mores,

351 1435 537 1495 Dedecorant
559 1431 637 1492 beno
660 1443 727 1493 nata
751 1434 864 1512 culpae.
887 1471 929 1480 —

255 1551 331 1622 Quid
355 1553 469 1622 debeas,
493 1571 509 1611 o
533 1551 635 1625 Roma,
657 1550 834 1624 Neronibus,

254 1636 348 1698 Testis
369 1637 534 1697 Metaurum
557 1637 668 1696 flumen
692 1647 720 1696 et
743 1635 906 1698 Hasdrubal

301 1722 438 1783 Devictus
460 1732 489 1781 et
510 1721 635 1799 pulcher
656 1722 763 1799 fugatis

181 1816 210 1865 40
351 1806 401 1867 llle
424 1806 486 1867 dies
508 1807 591 1868 Latio
614 1806 754 1878 tenebris

253 1924 310 1994 Qui
332 1926 446 2004 primus
468 1926 542 1984 alma
565 1925 629 1985 risit
651 1925 766 1995 adorea,

252 2008 343 2070 Dirus
364 2028 419 2088 per
441 2010 523 2070 urbis
545 2011 615 2069 Aler
637 2019 670 2068 ut
691 2009 777 2069 Italas

299 2094 360 2155 Ceu
384 2096 498 2155 bamma
522 2113 576 2173 per
598 2093 696 2153 taedas
718 2093 763 2153 vel
785 2092 882 2153 Eurus

349 2181 407 2240 Per
430 2179 542 2239 Siculas
565 2178 705 2256 equitavit
725 2179 828 2239 undas.

183 2309 211 2356 55
257 2297 328 2357 Post
349 2299 405 2358 hoc
428 2298 566 2358 secundis
589 2316 682 2374 usque
705 2296 856 2358 laboribus

254 2382 387 2443 Romana
409 2382 504 2461 pubes
527 2383 616 2443 erevit
639 2392 668 2441 et
689 2383 781 2460 impio

299 2467 414 2529 Vastata
437 2469 606 2528 Poenorum
629 2466 756 2527 tumultu

348 2554 427 2614 Fana
450 2555 520 2614 deos
542 2553 671 2613 habuere
693 2563 801 2626 rectos,

254 2669 389 2752 Dixitque
412 2674 529 2733 tandem
552 2671 683 2749 perfidus
706 2670 868 2730 Hannibal:

182 2764 211 2814 50
252 2748 358 2830 ‘Cervi‚
381 2759 520 2836 luporum
543 2759 650 2834 praeda
673 2756 833 2834 rapacium,

300 2842 452 2903 Sectamur
475 2843 564 2912 ultro,
589 2860 663 2918 quos
687 2841 801 2918 opimus

350 2927 462 2986 Fallere
487 2937 516 2986 et
538 2927 669 3002 ellugere
693 2935 737 2984 est
757 2926 935 3005 triumphus.

256 3045 344 3118 Gens,
368 3063 443 3122 quae
464 3054 593 3104 cremato
617 3044 700 3104 lortis
723 3043 759 3102 ab
783 3043 834 3103 llio

255 3129 363 3189 lactata
385 3129 488 3190 'luscis
510 3129 687 3207 aequoribus
710 3147 793 3188 sacra

184 3226 213 3273 55
299 3214 448 3290 Notosque
471 3225 661 3291 maturosque
685 3224 781 3292 patres

350 3298 474 3358 Pertulit
495 3300 641 3360 Ausonias
663 3300 698 3358 ad
721 3297 819 3366 urbes,
926 3318 928 3321 ·

253 3417 340 3477 Duris
362 3428 395 3476 ut
418 3417 474 3477 ilex
495 3429 579 3479 tonsa
603 3417 782 3495 bipennibus

253 3501 359 3580 Nigrae
382 3503 470 3563 feraci
493 3504 606 3564 frondis
629 3503 658 3562 in
683 3502 795 3581 Algido,

302 3588 360 3648 Per
382 3587 496 3660 damna,
520 3607 574 3666 per
597 3588 709 3660 caedes,
734 3588 768 3646 ab
792 3588 856 3665 ipso

181 3685 209 3732 65
353 3672 441 3732 Ducit
463 3692 535 3751 opes
557 3673 747 3750 animumque
769 3673 858 3731 lerro.

211 3891 243 3942 lv
262 3910 286 3942 o.
306 3893 339 3942 36
358 3888 525 3954 indecorant!
542 3892 574 3941 42
587 3889 664 3941 durus
676 3893 711 3956 (a)
726 3891 730 3957 Ι
747 3889 899 3953 [45—72]b*
922 3891 926 3956 Ι
949 3890 980 3939 53
995 3893 1104 3939 cremata
1117 3888 1199 3937 Laeb-

125 3977 241 4011 mannus
259 3961 276 4012 l.
297 3961 333 4010 od
351 3975 372 4012 e.
390 3957 399 4008 l
419 3961 459 4022 10,
480 3962 511 4010 14
529 3959 546 4010 l.
900 3972 903 3977 ’
