2640 4372
126 192 189 252 204
504 195 762 248 EPlSTULARUbll
784 199 822 249 16.

211 367 314 429 Falsus
336 369 435 429 honor
457 369 534 428 iuvat
557 377 586 428 et
609 368 733 427 mendax
756 368 875 429 inlamia
899 377 992 428 terret

211 453 306 523 Quem
331 453 387 514 nisi
409 453 585 514 mendosum
608 463 637 513 et
660 450 890 513 medicandum?
912 453 956 513 vir
978 453 1074 516 bonus

892 537 1046 617 estquis?

207 616 279 693 ‘Qui
302 623 436 683 consulta
460 633 587 702 patrum,
611 623 660 702 qui
683 623 763 701 leges
785 622 910 700 iuraque
931 633 1038 698 servat,

212 707 277 778 Quo
301 709 410 769 multae
433 726 617 788 magnaeque
640 717 778 768 secantur
799 708 896 768 iudice
919 706 995 784 lites,

211 791 277 862 Quo
300 811 349 854 res
370 812 517 871 sponsore
540 802 569 854 et
591 812 650 872 quo
673 811 777 853 causae
800 802 875 853 teste
898 789 1060 854 tenentur.²

212 877 269 938 Sed
292 878 370 939 videt
392 880 472 939 hunc
495 879 592 939 omnis
615 879 719 939 domus
742 887 771 937 et
792 878 897 938 vicinia
920 887 983 939 tota

140 975 150 986 '
210 963 410 1024 Introrsumt
399 973 526 1042 t‚urpem
549 964 716 1068 speciosum
739 962 816 1041 pelle
838 963 955 1023 decora.
977 999 1020 1009 —

206 1041 281 1110 ‘Nec
303 1049 415 1108 furtum
437 1049 494 1109 feci
517 1067 573 1109 nec
595 1043 678 1127 fugit
704 1049 727 1109 si
751 1048 822 1108 mihi
846 1048 922 1108 dicat

210 1135 332 1194 Servus:
352 1126 456 1194 ‘habes
479 1135 617 1213 pretium
625 1134 711 1236 loris
736 1152 796 1193 non
819 1123 924 1193 ureris'
950 1135 1014 1208 ai03

208 1211 287 1278 ‘Non
310 1219 462 1278 hominem
485 1218 604 1279 occidi':
625 1211 704 1279 ‘Non
728 1237 832 1298 pasces
854 1218 884 1277 in
908 1236 998 1280 cruce
1022 1206 1134 1280 corvos'

207 1296 292 1364 ‘Sum
315 1303 413 1364 bonus
436 1313 465 1364 et
487 1299 591 1400 frngi':
616 1304 715 1363 renuit
738 1303 909 1382 negitatque
932 1303 1077 1365 Sabellus.

211 1387 320 1449 Cautus
343 1389 421 1449 enim
447 1390 550 1450 metuit
538 1390 684 1449 tloveam
708 1389 796 1468 lupus
818 1389 1018 1469 accipiterque

211 1473 372 1552 Suspectus
395 1475 515 1552 laqueos
538 1487 567 1534 et
590 1485 725 1553 opertum
749 1473 857 1534 miluus
880 1473 1009 1536 hamum.
1033 1510 1073 1520 -

212 1558 348 1619 Oderunt
370 1578 493 1638 peccare
516 1559 588 1619 boni
610 1558 726 1620 virtutis
749 1576 864 1618 amore:

211 1643 255 1704 Tu
280 1645 352 1705 nihil
375 1645 508 1706 admittes
531 1645 561 1705 in
584 1653 613 1705 te
636 1644 794 1704 formidine
816 1661 946 1723 poenae;

211 1728 255 1789 Sit
276 1748 345 1808 spes
367 1729 495 1803 fallendi,
521 1729 657 1790 miscebis
680 1747 761 1790 sacra
784 1728 926 1808 profanis.

210 1813 283 1874 Nam
306 1815 342 1875 de
365 1815 444 1876 mille
466 1815 551 1876 labae
574 1815 679 1876 modiis
703 1833 769 1875 curu
792 1813 917 1893 surripis
940 1833 1045 1886 unum,

209 1899 357 1960 Damnum
380 1909 434 1974 est,
457 1919 519 1961 non
543 1900 667 1973 lacinus,
691 1899 761 1959 mibi
785 1908 871 1978 pacto
893 1899 992 1960 lenius
1013 1899 1079 1960 isto.
1102 1932 1136 1941 -

212 1985 261 2045 Vir
284 1984 391 2057 bonus,
415 2004 504 2045 omne
527 1986 624 2045 sorum
648 2003 736 2062 quem
759 1993 873 2063 spectat
895 1994 926 2044 et
948 2003 1037 2045 omne
1061 1979 1183 2052 tribunal,

207 2069 465 2172 Quandocumque
487 2070 559 2129 deos
581 2070 625 2129 vel
648 2088 740 2147 porco
763 2069 809 2129 vel
832 2069 904 2129 bove
928 2069 1034 2148 placat,

207 2145 290 2213 ‘lane
313 2162 363 2233 pat
365 2149 406 2213 er'
430 2154 518 2227 clare
543 2154 620 2214 clare
643 2172 711 2215 cum
734 2155 806 2215 dixit
794 2149 964 2232 dt‘polloss

209 2237 306 2298 Labra
328 2249 426 2299 movet
448 2249 584 2299 metuens
607 2239 702 2299 audiri
721 2232 861 2299 Pulchra
883 2239 1025 2310 laverna,

209 2322 250 2382 lla
273 2323 346 2383 mihi
368 2323 477 2396 l,allere
501 2324 566 2383 da
561 2333 637 2385 iusto
620 2333 822 2402 osanctoquo
843 2323 945 2396 videri

208 2407 333 2469 Noctem
355 2409 485 2488 peccatis
507 2419 536 2470 e
525 2408 711 2470 tfraudibus
734 2409 819 2471 obice
843 2403 972 2472 nubem’
998 2443 1040 2453 -

209 2494 268 2564 Qui
290 2494 394 2554 melior
416 2513 510 2568 servo,
535 2496 584 2572 qui
607 2494 729 2555 liberior
751 2496 789 2556 sit
810 2513 923 2566 avarus,

209 2579 242 2640 ln
266 2579 357 2640 triviis
380 2582 469 2640 fixum
493 2598 560 2640 cum
583 2600 614 2641 se
637 2580 763 2640 demittit
785 2579 822 2640 ob
847 2597 953 2651 assem,

210 2666 277 2725 Non
301 2666 394 2725 video.
438 2666 511 2726 Nam
536 2666 586 2744 qui
609 2666 718 2744 cupiet,
741 2675 854 2725 metuet
876 2681 1012 2744 quoque;
1036 2679 1124 2743 porro

159 2805 162 2807 a
210 2749 268 2820 Qui
290 2760 426 2811 metuens
450 2751 533 2822 vivet,
557 2749 632 2810 liber
654 2751 725 2810 mihi
750 2769 810 2810 non
835 2750 892 2809 erit
913 2767 1064 2845 umquam

210 2835 340 2895 Perdidit
362 2854 452 2908 arma,
474 2836 573 2896 locum
596 2836 687 2896 virtut
688 2835 712 2896 is
675 2836 872 2908 dteseruit
897 2834 946 2913 qui

211 2920 364 2998 Semper
358 2940 388 2981 ιιι
411 2921 546 3017 augenda
569 2921 688 2982 festinat
710 2929 738 2981 et
761 2915 897 2983 obruitur
919 2937 961 2978 re
1057 2987 1059 2991 ,
1115 2946 1117 2950 ·

211 3004 346 3064 Vendere
370 3023 437 3064 cum
459 3006 554 3084 possis
577 3016 644 3084 capt
645 3007 732 3077 ivnm
756 3005 890 3065 occidere
915 3003 989 3083 noli:

211 3089 324 3149 Serviet
346 3089 474 3163 utiliter;
498 3091 562 3151 sine
586 3100 687 3169 pascat
709 3092 801 3151 durus
824 3078 957 3167 aretque,

210 3174 331 3253 Naviget
354 3193 387 3235 ac
409 3135 512 3236 mediis
535 3175 644 3236 hiemet
667 3175 867 3236 mercatoria
890 3175 988 3248 undis,
1051 3236 1064 3255 ¹.

210 3259 356 3319 Annonae
380 3261 482 3338 prosit
506 3270 605 3357 portet
627 3263 775 3321 frumenta
799 3279 1030 3363 penusque.-

210 3344 261 3403 Vir
283 3343 381 3404 bonns
404 3355 433 3405 et
455 3347 573 3425 sapiens
597 3347 716 3407 audebit
737 3346 851 3407 dicere·
872 3335 1031 3429 ‘Pentbeu

211 3429 321 3490 Rector
343 3429 520 3502 Thebarum,
532 3432 613 3532 quid
638 3451 684 3493 me
708 3432 842 3511 perlerre
864 3421 984 3511 patique

139 3526 149 3538 '
211 3514 370 3592 Indignum
386 3511 511 3594 coges‘l
532 3507 679 3577 Adimam
694 3513 792 3579 bona
814 3513 940 3595 Nempe
955 3532 1056 3595 pecus
1073 3533 1143 3587 rem,

212 3600 327 3672 Lectos,
351 3610 457 3680 argent
460 3619 525 3675 um;
548 3601 632 3663 tollas
655 3593 775 3663 lioot’.¹
785 3598 832 3662 ‘ln
857 3601 979 3662 manicis
1001 3608 1030 3658 et

212 3816 268 3868 XVl
293 3835 316 3868 v.
341 3819 373 3869 43
396 3831 437 3868 res
462 3819 594 3884 sponsore]
618 3819 668 3868 B⁶:
691 3833 844 3885 responsore
870 3816 875 3886 Ι
902 3818 933 3870 61
958 3817 1025 3869 iusto
1050 3817 1198 3884 sanctoque]

125 3907 157 3926 =
176 3884 224 3934 13⁰:
244 3886 337 3937 iustum
356 3891 523 3951 sanctumque
