2640 4372
520 200 651 255 neubon
672 206 709 255 lb.
730 204 768 255 16.

197 375 266 438 Cum
289 385 332 447 tu,
355 391 530 453 magnorum
555 391 665 434 numen
690 375 803 436 laesura
826 375 958 447 deorum,

262 459 295 520 ln
319 457 408 519 verba
429 459 547 520 iurabas
569 477 642 531 mea,

194 544 294 605 Artius
315 553 404 622 atque
426 543 533 604 hedera
556 562 680 623 procera
702 544 894 622 adstringitur
916 545 982 618 ilex,
1124 559 1138 607 o

259 629 363 690 Lentis
385 627 549 689 adhaerens
570 628 724 701 bracchiis,
819 676 822 681 .

194 714 269 774 bum
291 714 392 794 pecori
414 713 502 792 lupus
525 722 555 772 et
577 714 674 773 nautis
696 714 822 774 infestus
844 713 937 773 Orion

261 799 408 859 Turharet
430 797 587 859 hibernum
611 816 690 858 mare

194 882 392 963 lntonsosque
415 883 537 960 agitaret
559 883 704 961 Apollinis
726 900 796 944 aura
819 880 951 960 capillos,

261 967 338 1047 Fore
359 969 440 1028 hunc
464 986 594 1028 amorem
617 979 763 1040 mutuum,
1112 979 1139 1029 lb

194 1053 219 1115 0
242 1053 367 1114 dolitura
389 1071 455 1114 mea
477 1054 602 1113 multum
624 1055 732 1114 virtute
755 1055 879 1114 Neaera:

261 1138 333 1198 Nam
356 1139 453 1218 siquid
474 1138 506 1198 in
529 1138 634 1198 Flacco
657 1139 711 1198 viri
735 1148 788 1209 est,

195 1222 261 1284 Non
285 1224 361 1284 leret
381 1223 517 1284 adsiduas
539 1224 647 1301 potiori
670 1233 698 1283 te
721 1224 790 1285 dare
812 1232 915 1283 noctes

263 1306 302 1368 Et
324 1320 445 1387 quaeret
468 1309 559 1368 iratus
582 1326 691 1386 parem,

195 1392 256 1454 Nec
278 1392 369 1454 semel
392 1394 521 1454 offensae
544 1393 628 1453 cedet
650 1395 815 1454 constantia
837 1396 958 1466 formae,
1113 1402 1140 1452 15

264 1477 295 1537 Si
317 1487 416 1539 certus
438 1478 555 1538 intrarit
577 1478 669 1537 dolor.
692 1513 735 1522 —

196 1561 234 1621 Et
254 1569 297 1636 tu,
320 1563 499 1642 quicumque
522 1582 553 1623 es
576 1562 689 1623 felicior
712 1573 801 1643 atque
823 1581 890 1623 meo
914 1580 995 1623 nunc

264 1646 419 1726 Superbus
440 1648 553 1708 incedis
575 1649 661 1717 malo,

196 1730 243 1793 Sis
264 1749 373 1810 pecore
396 1742 425 1794 et
446 1733 536 1793 multa
561 1733 639 1792 dives
661 1731 767 1794 tellure
789 1732 889 1793 licebit

263 1815 390 1895 Tibiqne
412 1817 548 1878 Pactolus
571 1819 642 1877 fluat

195 1900 256 1961 Nec
278 1907 308 1960 te
331 1901 512 1982 Pythagorae
535 1903 636 1962 lallant
659 1920 765 1962 arcana
787 1902 883 1963 renati

264 1984 430 2066 Formaque
454 1989 552 2048 vincas
574 1989 670 2058 Nirea,

196 2068 292 2141 Eheu,
315 2073 471 2134 translatos
493 2073 549 2132 alio
572 2072 718 2133 maerebis
741 2091 871 2134 amores:

265 2156 317 2216 hst
339 2175 393 2235 ego
415 2158 540 2218 vicissim
564 2159 667 2219 risero.

618 2427 682 2486 XVI

198 2544 296 2606 Altera
318 2545 377 2605 iam
399 2547 504 2607 teritur
527 2546 610 2607 bellis
633 2546 765 2606 civilibus
788 2554 873 2615 aetas,

266 2629 333 2692 Suis
356 2640 384 2691 et
407 2631 468 2710 ipsa
492 2631 584 2691 Roma
606 2631 717 2691 viribus
739 2631 807 2690 ruit.

198 2713 292 2784 Quam
316 2733 412 2794 neque
434 2717 550 2776 finitimi
573 2718 727 2776 valuerunt
748 2715 872 2793 perdere
896 2713 982 2773 Marsi

264 2800 386 2862 Minacis
409 2811 459 2861 aut
481 2801 603 2862 Etrusca
628 2801 775 2861 Porsenae
798 2818 912 2871 manus,

201 2884 322 2944 hemula
345 2905 401 2946 neo
423 2887 514 2946 virtus
538 2887 653 2965 Capuae
676 2905 732 2946 neo
755 2886 914 2964 Spartacus
935 2900 1003 2943 acer
1131 2889 1145 2937 5
1178 2936 1182 2941 .

266 2968 414 3048 Novisque
437 2971 526 3031 rebus
548 2971 674 3031 infidelis
697 2971 846 3042 Allobrox,

199 3051 261 3114 Nec
283 3054 344 3115 fera
367 3056 501 3116 caerulea
523 3057 637 3116 domuit
659 3056 815 3116 Germania
839 3055 917 3134 pube

267 3137 502 3218 Parentibusque
524 3141 709 3200 abominatus
732 3141 887 3212 llannibal,

198 3220 290 3301 lmpia
312 3226 471 3304 perdemus
494 3224 589 3285 devoti
612 3226 765 3302 sanguinis
788 3235 867 3286 aetas

266 3307 407 3389 Ferisque
429 3328 534 3371 rursus
557 3311 751 3389 occupabitur
773 3311 885 3383 solum3
1119 3315 1147 3364 1⁰

198 3392 347 3455 Barbarus
369 3398 427 3457 heu
450 3396 565 3456 cineres
588 3396 703 3457 insistet
724 3396 819 3456 victor
841 3405 870 3456 et
894 3394 998 3455 urbem

266 3478 366 3557 Eques
387 3489 514 3543 sonante
537 3481 702 3541 verberabit
724 3481 834 3560 ungula

115 3612 319 3624 ——-.

200 3677 246 3729 XV
263 3696 287 3731 v.
306 3683 384 3746 laqq.
409 3697 432 3732 v.
460 3681 488 3732 V
501 3683 556 3732 ind.
580 3681 638 3731 lect.
664 3682 753 3732 Ber-ol.
780 3686 845 3731 uest.
873 3697 897 3730 a.
926 3680 991 3732 1888
1021 3691 1048 3740 p.
1071 3678 1087 3726 4
1111 3673 1160 3737 ns)
1183 3673 1188 3743 Ι

114 3746 129 3798 8
148 3748 258 3799 turbarit
275 3749 309 3813 (v)
334 3748 338 3813 Ι
362 3752 378 3801 9
397 3748 500 3814 agitarit
519 3751 553 3814 (o)
576 3749 580 3812 1
603 3752 633 3800 15
653 3748 744 3800 offensi
761 3750 897 3809 Ps.·Acro;
920 3746 1072 3811 Gogovinus
1091 3743 1189 3794 elench.

113 3819 233 3868 omissor.
260 3817 290 3866 in
320 3816 384 3868 Hor.
410 3821 478 3881 poet.
505 3817 616 3867 Sublom'
636 3819 699 3869 1567
718 3820 810 3883 112353
837 3816 919 3868 Bentl.
947 3813 952 3880 Ι
979 3809 1189 3865 21Ponthoidoe

114 3884 157 3936 W.
175 3882 290 3935 Ribbeck
308 3900 375 3935 mur.
391 3884 458 3949 port.
476 3887 518 3949 38,
536 3888 584 3937 411
603 3883 656 3953 123
675 3886 725 3936 heu
744 3885 793 3937 heu
812 3890 860 3937 etc.
