2640 4372
527 213 715 266 sarruaRuat
734 215 754 265 ll
773 220 795 267 'l.

137 399 147 410 ·
208 387 294 460 llum,
318 406 392 466 quae
415 387 542 466 Crispini
564 387 665 447 docuit
687 405 734 447 me
757 386 872 455 ianitor,
895 387 960 446 edo.
984 421 1026 432 --

208 473 251 533 Te
274 474 404 533 coniunx
427 473 521 532 aliena
545 473 632 550 capit,
654 469 841 532 meretricula
864 471 991 543 Darum;

209 557 316 618 Peccat
337 568 403 619 uter
426 567 560 617 nostrum
583 575 672 617 cruce
697 553 838 634 dignius?
882 557 965 618 Acris
988 555 1039 616 nbi
1061 574 1109 617 me

208 643 319 703 Natura
341 642 478 715 intendit,
501 642 555 703 sub
579 643 656 702 clara
679 643 758 702 nuda
780 640 901 700 lucerna

209 728 418 807 Quaecumque
442 728 558 806 excepit
580 727 725 805 turgentis
747 724 868 787 verbera
891 726 1001 786 caudae

210 812 353 874 Clunibus
375 823 426 872 aut
447 813 565 891 agitavit
586 830 695 890 equum
718 812 823 873 lasciva
845 813 997 890 supinum,

209 898 335 958 Dimittit
358 917 454 976 neque
477 899 621 958 famosum
646 916 741 975 neque
765 895 931 967 sollicitum,
955 916 994 956 ne

211 983 306 1043 Ditior
328 994 378 1044 aut
399 985 511 1043 formae
534 982 663 1042 melioris
686 983 775 1042 meiat
798 982 918 1055 eodem3

210 1067 256 1128 'lu
278 1088 347 1130 cum
369 1068 509 1148 proiectis
532 1066 709 1145 insignibus,
732 1068 821 1126 anulo
845 1067 974 1144 equestri

210 1153 403 1232 Romanoque
426 1153 536 1224 babitu,
560 1152 661 1231 prodis
683 1170 718 1212 ex
741 1152 837 1213 iudice
861 1152 949 1211 Dama

210 1238 327 1318 Turpis,
351 1237 504 1298 odoratum
528 1246 617 1316 caput
639 1237 816 1297 obscurante
838 1237 966 1309 lacerna,

211 1324 276 1384 Non
300 1342 332 1383 es
354 1322 433 1401 quod
457 1321 598 1383 simulas?
620 1332 756 1382 metuens
779 1322 929 1383 induceris
950 1332 1039 1399 atque

211 1409 378 1468 Altercante
399 1406 572 1468 libidinibus
593 1409 695 1468 tremis
718 1425 782 1468 ossa
805 1425 922 1485 pavore.

212 1492 287 1563 Quid
310 1494 411 1563 refert,
435 1493 481 1553 uri
504 1493 593 1570 virgis
615 1493 755 1570 ferroque
779 1492 877 1552 necari

211 1579 389 1638 Auctoratus
410 1596 468 1650 eas,
492 1596 528 1637 an
552 1578 633 1656 turpi
655 1578 772 1638 clausus
794 1578 823 1636 in
849 1595 925 1648 arca,

213 1663 279 1733 Quo
303 1674 331 1723 te
354 1663 471 1724 demisit
493 1664 605 1742 peccati
628 1664 746 1724 conscia
769 1661 858 1734 erilis

213 1748 402 1809 Contractum
426 1749 552 1826 genibus
574 1759 677 1827 tangas
699 1744 809 1826 caput?
832 1755 916 1806 estne
940 1747 1045 1805 marito

212 1835 362 1895 Matronae
385 1834 536 1912 peccantis
559 1834 588 1893 in
612 1833 698 1893 ambo
720 1833 796 1893 iusta
820 1839 958 1910 potestas,

212 1919 246 1979 lu
270 1929 475 1997 corruptorem
499 1918 543 1977 rel
565 1915 692 1978 iustior?
737 1917 787 1977 llla
809 1926 908 1976 tamen
932 1934 963 1975 se

212 2005 278 2064 Non
302 2003 402 2062 babitu
425 2013 553 2062 mutatve
575 2003 640 2062 loco
664 2011 801 2080 peccatve
824 2019 963 2078 superne,

141 2098 152 2112 '
213 2087 285 2149 Cum
308 2097 336 2148 te
360 2088 497 2147 formidet
519 2087 625 2147 mulier
648 2105 744 2164 neque
767 2086 867 2147 credat
888 2085 1006 2145 amanti.

212 2173 271 2234 lbis
293 2171 349 2233 sub
371 2173 484 2231 furcam
507 2172 638 2249 prudens
660 2171 840 2251 dominoque
862 2171 971 2230 lurenti

214 2258 375 2319 Conmittes
403 2275 465 2317 rem
490 2275 609 2316 omnem
631 2266 660 2316 et
683 2256 769 2316 vitam
794 2267 911 2316 etcum
935 2272 1061 2334 corpore
1083 2255 1190 2316 lamam.

214 2343 328 2417 Evasti;
351 2341 450 2414 credo,
473 2351 587 2402 metues
610 2343 773 2420 doctusque
796 2341 925 2401 cavebis:

215 2429 354 2502 Quaeres
377 2429 496 2506 quando
519 2427 625 2488 iterum
649 2445 754 2506 paveas
777 2427 944 2504 iterumque
967 2425 1065 2503 perire

214 2514 322 2582 Possis,
347 2533 364 2573 o
387 2514 495 2573 totiens
517 2513 635 2574 serrusl
660 2531 735 2589 quae
757 2512 852 2593 belua,
876 2510 971 2589 ruptis

214 2599 287 2660 Cum
309 2599 400 2660 semel
422 2599 533 2677 effugit,
557 2599 653 2658 reddit
674 2617 705 2658 se
727 2615 814 2676 prava
838 2592 970 2656 catenis?
993 2632 1036 2642 —

209 2679 300 2746 “Non
317 2702 381 2745 sum
394 2676 553 2744 moecbus''
572 2684 623 2744 ais.
652 2683 755 2761 Neque
770 2699 834 2760 ego,
850 2680 980 2752 hercule,
997 2683 1053 2750 lur,
1071 2678 1121 2740 ubi
1135 2694 1194 2738 vasa

214 2771 370 2830 Praetereo
393 2771 511 2846 sapiens
533 2779 682 2845 argentea.
727 2767 809 2827 Tolle
831 2766 985 2845 periclum,

214 2856 273 2915 larn
297 2873 367 2933 vaga
391 2853 523 2931 prosiliet
545 2854 637 2913 lrenis
659 2863 764 2912 natura
786 2852 917 2912 remotis.

213 2941 298 3000 Tune
321 2939 392 2998 mibi
415 2938 560 3009 dominus,
584 2956 683 2997 rerum
707 2938 838 3015 imperiis
861 2937 1073 3012 bominumque

214 3025 272 3085 Tot
293 3024 442 3100 tantisque
464 3024 571 3095 minor,
594 3041 681 3100 quem
704 3032 749 3082 ter
771 3022 897 3081 vindicta
919 3029 1083 3099 quaterque
1154 3073 1160 3083 .

214 3109 352 3188 lmposita
377 3107 455 3167 baud
478 3126 617 3186 umquam
640 3109 745 3168 misera
769 3106 926 3166 formidine
949 3101 1067 3184 privet?

214 3193 295 3254 adue
317 3211 416 3271 super,
440 3192 524 3253 dictis
547 3194 625 3272 quod
650 3211 710 3252 non
734 3192 825 3252 levius
848 3191 954 3264 valeat;
979 3208 1058 3262 nam,

215 3279 281 3339 Sive
303 3278 427 3338 vicarius
449 3288 502 3351 est,
526 3280 576 3357 qui
599 3296 684 3339 servo
706 3286 800 3356 paret,
823 3277 866 3337 uti
889 3294 953 3336 mos

127 3375 156 3425 80
216 3364 317 3425 Vester
339 3363 386 3437 ait,
409 3383 461 3424 seu
485 3383 653 3436 conservus,
676 3363 728 3423 tibi
752 3363 822 3441 quid
845 3381 909 3422 sum
933 3357 1010 3439 ego?
1034 3377 1141 3437 nempe

218 3563 259 3617 Vll
277 3584 300 3616 υ.
320 3567 353 3617 48
371 3564 485 3616 incendit
503 3566 537 3628 (o)
563 3560 568 3630 1
595 3564 627 3614 56
655 3562 767 3614 simulas.
794 3562 997 3614 Doederleininc
1018 3579 1043 3612 a.
1070 3561 1135 3613 1859
1161 3555 1198 3608 ed.

134 3633 241 3684 Heind.³
258 3633 372 3698 simulas,
390 3633 459 3683 idem
477 3633 516 3681 ed.
535 3647 561 3682 α.
581 3631 665 3690 16601
687 3632 719 3682 58
737 3631 784 3713 uri‘
802 3630 879 3695 virgis
897 3630 1015 3696 lerroque
1033 3630 1068 3681 nl.
1088 3629 1093 3695 1
1115 3631 1146 3680 60
1165 3625 1199 3676 di·

129 3704 198 3753 misit
215 3705 249 3766 (o)
272 3700 277 3769 Ι
304 3703 337 3753 62
355 3702 502 3766 postestas?
520 3700 546 3749 in
566 3737 592 3750 ..
610 3697 707 3749 iustior.
726 3712 769 3762 og.
800 3696 805 3765 Ι
833 3700 866 3749 ot
884 3703 1024 3764 peccatque
1051 3698 1056 3762 Ι
1083 3709 1198 3763 superne.

131 3786 187 3823 cum
208 3771 389 3830 te..amanti‚
408 3769 442 3819 al,
470 3769 474 3831 Ι
499 3769 530 3819 65
550 3766 669 3818 formidat
686 3768 721 3830 (v)
748 3767 752 3830 l
780 3765 860 3816 credit
877 3766 912 3828 (o)
939 3767 943 3826 Ι
971 3767 1003 3816 68
1021 3766 1122 3817 erasti?
1139 3763 1173 3816 ol

130 3844 245 3892 metuens
261 3843 265 3902 Ι
282 3839 314 3891 69
333 3836 433 3903 quaeris
450 3836 555 3902 (16172
572 3835 608 3885 ait
624 3835 627 3900 Ι
648 3838 679 3885 'll
698 3835 783 3900 prinat
795 3835 829 3897 (o)
844 3834 848 3900 1
866 3834 897 3884 78
916 3847 991 3899 supra
1009 3835 1046 3898 (o)
1061 3834 1065 3899 Ι
1081 3835 1114 3886 66
1132 3846 1182 3900 quo

128 3910 195 3971 (tum
214 3907 281 3973 ego.)
