2640 4372
615 177 786 231 GARllllNUM
805 180 825 231 ll
844 183 868 233 2.
887 183 911 235 3.

359 351 516 411 Redditum
533 351 598 429 Cyri
614 351 688 412 solio
705 351 850 412 Phraaten

362 435 513 496 Dissidens
528 435 607 513 plebi
623 454 748 495 numero
763 436 918 497 beatorum

359 520 469 580 Eximit
483 519 583 580 Virtus
597 521 800 599 populumque
817 520 896 582 salsis

287 615 316 665 20
401 604 532 665 Dedoeet
546 605 588 664 uti

359 740 500 812 Vocibus,
519 758 643 818 reguum
660 749 689 799 et
704 739 835 800 diadema
851 751 948 801 tutum

360 825 502 886 Deferens
516 825 569 885 uni
585 824 793 903 propriamque
808 826 934 895 laurum,

360 909 501 988 Quisquis
516 909 645 988 ingentis
661 908 747 969 ooulo
764 909 910 970 inretorto

406 994 525 1073 Spectat
540 1012 668 1055 acervos.

690 1161 841 1170 ——-—

748 1297 787 1356 lll

359 1418 487 1492 Aequam
504 1424 653 1475 memento
670 1415 759 1475 rebus
774 1415 804 1474 in
821 1414 919 1475 arduis

361 1500 485 1560 Servare
500 1509 640 1571 mentem,
658 1519 717 1560 non
735 1518 820 1560 seous
836 1499 866 1559 in
882 1499 970 1560 bonis

405 1583 450 1643 Ab
466 1584 605 1644 insolenti
622 1595 813 1663 temperatam

449 1669 580 1739 Laetitia,
597 1669 739 1730 moriture
754 1669 838 1738 Delli,

303 1813 318 1861 t
361 1803 419 1862 Seu
435 1812 562 1863 maestus
578 1803 658 1862 omni
674 1813 808 1880 tempore
824 1802 929 1863 vixeris

359 1887 417 1947 Seu
433 1897 462 1947 te
478 1887 508 1947 in
525 1897 640 1947 remoto
655 1888 789 1965 gramine
804 1906 858 1966 per
873 1887 934 1947 dies

406 1970 509 2032 Festos
525 1971 698 2031 reclinatum
715 1971 811 2030 bearis

451 2056 598 2117 lnteriore
614 2066 683 2116 nota
699 2055 825 2115 Falerni.

359 2189 425 2260 Quo
441 2191 530 2268 pinus
545 2191 651 2268 ingens
666 2190 790 2268 albaque
805 2190 934 2269 populus

289 2283 317 2333 to
360 2274 500 2334 Umbram
516 2274 688 2354 hospitalem
705 2274 877 2335 consociare
892 2284 992 2334 amant

407 2357 529 2420 Ramis?
552 2359 619 2438 quid
637 2359 756 2437 obliquo
774 2359 887 2420 laborat

449 2444 581 2523 Lympha
596 2445 684 2521 fugax
698 2444 845 2522 trepidare
860 2441 946 2504 rivol

358 2578 423 2641 Huc
439 2579 507 2639 vina
523 2589 552 2640 et
567 2588 720 2658 unguenta
736 2589 765 2639 et
781 2579 903 2639 nimium
920 2578 1016 2638 brevis

359 2663 460 2724 Flores
474 2683 615 2725 amoenae
630 2667 708 2724 ferre
724 2664 792 2724 iube
809 2682 902 2737 rosae,

286 2758 314 2807 to
400 2749 474 2808 llum
489 2768 537 2809 res
552 2758 582 2808 et
597 2758 675 2808 aetas
691 2756 720 2807 et
734 2765 871 2807 sororum

450 2833 511 2893 Fila
527 2835 616 2892 trium
632 2831 787 2910 patiuntur
802 2842 873 2890 atra.
889 2865 930 2874 —

359 2965 450 3027 Cedes
465 2967 608 3045 coemptis
623 2964 745 3026 saltibus
761 2974 790 3024 et
805 2965 893 3024 domo

358 3051 499 3129 Villaque‚
515 3053 606 3111 llavus
622 3068 709 3128 quam
725 3049 841 3109 Tiberis
856 3050 933 3119 lavit,

405 3136 506 3206 Codes,
524 3144 553 3196 et
569 3135 725 3196 exstructis
740 3135 770 3194 in
787 3135 878 3194 altum

285 3229 314 3278 to
476 3220 589 3281 Divitiis
603 3220 734 3298 potietur
749 3220 843 3280 heres.

357 3353 482 3414 Divesne
498 3354 597 3433 priseo
614 3363 700 3415 natus
715 3355 751 3415 ab
767 3354 877 3414 lnaoho

356 3437 403 3498 Nil
418 3438 541 3499 interest
556 3458 591 3498 an
610 3457 722 3518 pauper
737 3449 766 3499 et
781 3440 881 3498 infima

403 3521 548 3602 [legente
564 3522 700 3590 subdivo
717 3524 849 3594 moreris,

446 3607 569 3669 Victima
586 3609 627 3668 nil
643 3608 811 3669 miserantis
827 3608 912 3668 Oroi:

312 3857 331 3908 ll
349 3874 373 3909 o.
394 3860 424 3911 18
446 3856 550 3927 plebis!
567 3863 597 3912 19
616 3859 712 3922 Virtus]
737 3859 794 3912 odd.
813 3859 916 3924 aliquot
933 3860 1009 3922 (lt-1²,
1029 3860 1110 3910 Orelli
1128 3864 1201 3922 etat:
1221 3827 1305 3914 Virtus
