2640 4372
124 208 185 267 214
496 205 727 259 EPISTULARUM
746 206 766 259 ll
786 211 808 260 1.

208 380 360 441 Interdum
382 379 485 457 volgus
507 389 620 439 rectum
643 379 731 451 videt,
754 388 798 440 est
820 379 871 439 ubi
894 389 1009 459 peccat.

208 466 238 525 Si
261 475 375 527 veteres
397 465 435 524 ita
457 464 581 525 miratur
603 465 760 543 laudatque
782 474 895 544 poetas,

135 563 163 612 00
206 550 244 611 Ut
267 551 340 613 nihil
362 550 515 621 anteferat,
539 550 611 610 nibil
633 549 689 610 illis
714 559 874 628 comparet,
897 559 992 625 errat3

209 635 241 695 Si
264 636 406 715 quaedam
429 635 517 696 nimis
539 635 669 713 antique,
693 635 717 696 si
739 635 880 715 pleraque
902 636 976 696 dure

208 720 312 782 Dicere
335 721 427 782 credit
450 738 510 792 eos
533 720 637 798 ignave
659 720 751 780 multa
771 721 888 793 latetur,

208 804 245 865 Et
268 807 343 887 sapit
365 816 395 867 et
416 822 534 866 mecum
556 804 626 866 lacit
648 814 679 866 et
700 805 768 865 love
791 806 900 866 iudicat
921 822 1028 883 aequo.

208 890 273 952 Non
298 891 434 968 equidem
457 889 589 950 insector
610 888 768 950 delendave
792 891 922 950 carmina
944 890 1007 950 Liri

136 987 165 1037 'to
209 975 281 1038 Esse
305 995 383 1050 reor,
405 974 528 1036 memini
551 993 626 1053 quae
649 975 802 1055 plagosum
825 976 896 1036 mibi
920 992 1011 1054 parvo

210 1061 355 1122 Orbilium
378 1061 497 1132 dictare,
520 1060 571 1120 sed
595 1059 748 1120 emendata
771 1061 862 1121 videri

212 1147 397 1223 Pulchraque
419 1155 448 1205 et
471 1145 580 1205 exactis
602 1145 757 1205 minimum
781 1146 916 1206 distantia
940 1145 1042 1206 miror.

211 1231 292 1292 lnter
315 1249 389 1311 quae
411 1229 535 1291 verbum
558 1230 680 1290 emicuit
701 1230 726 1291 si
749 1231 827 1291 lorte
850 1230 1002 1301 decorum,
1074 1280 1079 1288 .

210 1317 240 1378 Si
262 1335 364 1378 versus
386 1315 484 1394 paullo
509 1315 687 1375 concinnior
710 1334 788 1376 unus
810 1325 840 1376 et
862 1316 945 1392 alter,

137 1411 165 1460 u
211 1401 323 1463 Iniuste
346 1409 440 1462 totum
464 1400 545 1460 ducit
567 1401 725 1478 venditque
748 1418 862 1480 poema.

211 1486 355 1566 lndignor
377 1486 533 1564 quicquam
557 1485 746 1565 reprebendi,
770 1504 830 1546 non
855 1486 924 1565 quia
947 1503 1045 1545 crasse

209 1571 411 1651 Compositum
434 1571 598 1649 inlepideve
621 1578 751 1649 putetur,
774 1571 824 1631 sed
848 1572 915 1650 quia
940 1589 1046 1648 nuper,

210 1657 271 1718 llec
293 1658 408 1719 veniam
431 1656 569 1734 antiquis,
593 1656 644 1716 sed
667 1656 812 1716 honorem
836 1667 865 1716 et
887 1656 1016 1735 praemia
1043 1656 1136 1735 posci.

208 1742 299 1803 Recte
323 1761 418 1804 necne
440 1758 561 1802 erocum
584 1741 731 1818 lloresque
755 1740 939 1821 perambulet
961 1741 1046 1801 Attae

135 1835 165 1887 80
210 1827 320 1888 Fabula
343 1828 366 1888 si
390 1827 531 1892 dubitem,
555 1826 683 1886 clament
705 1827 817 1905 perisse
839 1827 982 1905 pudorem

207 1913 313 1974 Cuncti
335 1931 430 1991 paene
453 1922 561 1990 patres,
584 1929 617 1971 ea
640 1928 707 1971 cum
731 1912 950 1990 reprehendere
976 1928 1080 1983 coner,

208 1997 290 2068 Quae
313 1998 409 2074 gravis
431 1999 574 2074 Aesopus,
597 2014 672 2074 quae
695 1996 800 2058 doctus
822 1997 947 2058 Roscius
969 1996 1038 2075 egit,

209 2082 261 2142 l'el
284 2083 351 2160 quia
377 2082 417 2141 nil
440 2089 564 2151 rectum,
589 2081 644 2140 nisi
668 2082 747 2158 quod
769 2082 879 2160 placuit
901 2081 966 2152 sibi,
990 2080 1115 2155 ducunt,

209 2166 261 2226 l'el
285 2167 353 2245 quia
375 2174 461 2243 turpe
484 2174 591 2243 putant
612 2182 717 2242 parere
740 2167 906 2228 minoribus
929 2174 958 2228 et
982 2184 1056 2244 quae

135 2257 165 2310 80
208 2251 351 2312 lnberbes
373 2250 501 2311 didicere
523 2268 610 2309 senes
633 2250 783 2329 perdenda
806 2252 898 2313 lateri.

209 2336 269 2397 lam
292 2336 403 2397 Saliare
424 2335 537 2396 Numae
560 2352 679 2395 carmen
704 2337 755 2414 qui
778 2337 876 2398 laudat
897 2347 925 2397 et
948 2335 1029 2410 illud,

208 2421 294 2492 Quod
316 2440 433 2482 mecum
456 2422 582 2500 ignorat,
604 2421 685 2482 solus
707 2422 766 2482 volt
788 2423 864 2482 scire
885 2421 987 2492 videri,

208 2507 339 2585 lngeniis
362 2527 423 2569 non
447 2507 495 2568 ille
518 2507 593 2567 favet
615 2506 785 2586 plauditque
807 2507 939 2586 sepultis,

209 2593 314 2654 Nostra
337 2592 388 2655 sed
411 2593 574 2671 impugnat,
598 2611 654 2653 nos
679 2603 837 2670 nostraque
861 2592 964 2652 lividus
987 2591 1058 2652 odit.

136 2687 166 2738 00
209 2677 295 2748 Quod
319 2680 342 2739 si
366 2689 424 2738 tam
448 2678 567 2738 Graecis
590 2677 704 2738 novitas
727 2677 820 2738 inrisa
842 2678 945 2738 luisset

208 2762 304 2833 Quam
328 2764 424 2836 nobis,
447 2762 518 2842 quid
543 2780 624 2821 nuno
647 2772 724 2823 esset
746 2760 852 2823 vetus?
874 2772 925 2822 aut
946 2762 1016 2840 quid
1039 2760 1170 2834 haberet,

210 2848 296 2918 Otrod
319 2849 431 2925 legeret
453 2859 622 2924 tereretque
645 2848 752 2907 viritim
776 2847 912 2925 publicus
934 2845 1028 2908 usus?
1050 2880 1092 2891 -

209 2932 246 2992 Ut
269 2934 397 3012 primum
420 2933 523 3012 positis
546 2932 651 3011 nugari
676 2932 797 2992 Graecia
819 2933 904 2993 bellis

208 3015 311 3097 Coepit
333 3028 362 3078 et
384 3020 414 3079 in
437 3018 538 3078 vitium
562 3018 681 3078 fortuna
704 3017 796 3078 labier
817 3036 919 3096 aequa,

135 3111 165 3162 00
208 3103 295 3163 llunc
317 3104 492 3164 athletarum
515 3102 628 3164 studiis.
652 3121 733 3164 nunc
756 3104 825 3164 arsit
848 3120 1002 3181 equorum,

208 3188 362 3250 Marmoris
385 3198 435 3248 aut
457 3187 555 3248 eboris
577 3187 678 3248 labros
701 3199 749 3248 ant
771 3189 848 3249 aeris
870 3188 983 3257 amarit,

210 3273 370 3352 Suspendit
392 3275 470 3352 picta
492 3273 602 3334 voltum
625 3284 815 3352 mentemque
838 3273 952 3340 tabella,

208 3358 295 3419 Nunc
317 3357 498 3420 tibicinibus.
523 3378 603 3418 nuuc
627 3369 669 3419 est
693 3360 788 3436 gavisa
812 3359 976 3436 tragoedis3

210 3444 271 3504 Sub
295 3444 411 3504 nutrice
434 3443 530 3522 puella
552 3443 632 3503 velut
654 3445 678 3504 si
701 3444 816 3505 luderet
838 3444 945 3515 iulans,

126 3539 168 3590 100
211 3529 298 3599 Quod
321 3528 428 3608 cupide
451 3529 544 3608 petiit,
568 3538 681 3589 mature
704 3528 791 3608 plena
814 3528 943 3607 reliquit.

210 3763 260 3815 lr.
280 3769 311 3815 ῖῖ
331 3762 494 3830 inlepideqne
509 3761 515 3829 1
531 3765 563 3816 85
581 3763 689 3814 imberbi
709 3763 843 3830 Cruqur'us
864 3765 937 3826 (unm
957 3763 1050 3812 lemma
1069 3775 1201 3811 commcn-

124 3835 222 3882 taton's
240 3850 264 3897 q.
278 3834 302 3885 d.
323 3833 474 3898 Oraqut‘ani
491 3833 521 3881 iu
539 3847 645 3882 censum
662 3835 755 3883 uenire
771 3834 874 3897 nequit)
888 3833 893 3897 Ι
908 3828 1051 3898 spernenda
1062 3829 1082 3879 1.
1094 3829 1201 3895 Maebly

124 3899 225 3950 Satura
243 3901 335 3962 quasti.
354 3918 380 3952 u.
401 3901 477 3965 1886)
492 3916 520 3966 μ.
543 3902 572 3952 12
