2640 4372
515 175 745 229 EPISTULARUM
763 177 772 229 l
791 181 816 230 l.

211 350 320 423 Restat,
336 359 369 410 ut
384 351 428 411 his
444 369 499 428 ego
516 369 562 410 mc
578 351 641 428 ipse
656 368 756 428 regam
771 351 908 428 solerque
925 349 1085 410 elementis.
1102 386 1139 397 -

211 435 276 495 Non
301 435 397 514 possis
420 436 505 496 oculo
530 445 672 514 quantum
695 435 875 496 contendere
898 435 1044 515 Lynceus,

210 520 276 580 Non
300 531 399 581 tamen
423 521 533 580 idcirco
557 530 730 581 contemnas
753 521 850 599 lippus
873 521 993 599 inungi;

211 604 280 677 Nec,
304 607 371 684 quia
395 606 534 684 desperes
556 605 655 665 invicti
680 605 810 666 membra
834 605 982 686 Glyconis,

210 690 325 752 Nodosa
349 709 458 770 corpus
482 691 557 751 nolis
581 690 739 769 prohibere
761 692 917 768 cheragra:

211 774 264 836 Est
286 777 411 853 quadam
435 777 553 854 prodire
577 785 672 849 tenus,
695 776 719 836 si
744 796 804 836 non
828 777 914 836 datur
936 775 1022 836 ultra.

210 860 317 921 Fervet
338 861 457 921 avaritia
480 862 646 940 miseroque
669 861 808 940 cupidine
832 869 950 939 pectus:

212 945 290 1006 Sunt
311 947 400 1007 verba
424 955 453 1006 et
473 966 569 1018 voces,
593 946 701 1024 quihus
723 947 803 1007 liunc
825 946 920 1006 lenire
943 945 1075 1007 dolorem

212 1031 309 1092 Possis
332 1041 361 1092 et
383 1049 517 1111 magnam
542 1031 637 1091 morbi
661 1031 811 1110 deponere
834 1040 965 1110 partem;

210 1115 317 1177 Laudis
340 1136 440 1177 amore
462 1125 572 1177 tumes:
596 1125 666 1176 sunt
688 1126 768 1177 certa
789 1116 914 1196 piacula,
938 1134 1012 1193 quae
1035 1126 1063 1177 te

211 1201 270 1261 Ter
291 1220 366 1280 pure
391 1203 465 1262 lecto
488 1211 630 1280 poterunt
653 1220 787 1262 recreare
810 1200 918 1262 libello.

210 1285 340 1359 Invidus,
364 1287 533 1360 iracundus,
556 1287 645 1357 iners,
669 1287 799 1359 vinosus,
822 1294 944 1359 amator,

210 1371 302 1431 Nemo
326 1372 398 1433 adeo
421 1373 501 1433 ierus
524 1383 576 1444 est,
599 1382 714 1431 utnon
740 1372 893 1432 mitescere
915 1370 1017 1449 possit,

211 1454 242 1515 Si
265 1457 353 1517 modo
377 1457 510 1519 culturae
533 1457 692 1536 patientem
715 1458 883 1517 commodet
905 1474 1016 1516 aurem.

209 1540 309 1602 Virtus
332 1551 376 1603 est
397 1542 499 1602 vitium
522 1543 624 1620 lugere
647 1552 676 1602 ct
698 1542 840 1620 sapientia
863 1542 957 1620 prima

212 1625 338 1686 Stultitia
361 1628 500 1688 caruisse.
544 1626 641 1700 Vides,
665 1645 739 1705 quae
761 1627 885 1686 maxima
909 1626 1005 1687 credis

211 1710 284 1771 Esse
307 1713 391 1786 mala,
414 1714 552 1790 exiguum
576 1731 697 1773 censum
720 1721 897 1791 turpemque
919 1712 1078 1790 repulsam,

210 1795 329 1866 Quanto
353 1797 461 1858 devites
483 1799 573 1858 animi
596 1797 758 1876 capitisque
781 1797 896 1872 labore;

210 1880 338 1960 lmpiger
361 1892 507 1943 extremos
530 1883 625 1943 curris
647 1892 795 1943 mercator
816 1881 851 1941 ad
874 1881 973 1955 ludos,

211 1966 268 2026 Per
290 1985 371 2026 mare
393 1969 564 2045 pauperiem
588 1968 713 2046 lugiens,
736 1985 889 2046 persana,
912 1985 967 2045 per
988 1965 1079 2044 ignis:

211 2050 253 2110 Ne
277 2069 363 2111 cures
386 2070 427 2123 ea,
451 2070 526 2130 quae
548 2052 637 2112 stulte
660 2053 776 2113 miraris
798 2061 827 2113 et
850 2060 945 2130 optas,

212 2135 331 2195 Discere
355 2145 384 2195 et
405 2135 505 2195 audire
527 2145 557 2196 et
578 2136 691 2196 meliori
715 2139 836 2198 credere
860 2156 920 2197 non
945 2133 1009 2197 vis?

213 2219 286 2289 Quis
308 2220 419 2280 circum
443 2239 534 2298 pagos
556 2230 585 2279 et
606 2221 718 2281 circum
742 2223 868 2302 compita
891 2240 1011 2300 pugnax

215 2304 321 2383 Magna
344 2305 481 2365 coronari
505 2324 560 2365 con
564 2315 676 2366 temnat
699 2306 843 2386 Olympia
867 2307 915 2367 cui
938 2325 1016 2385 spes,

217 2389 271 2449 Cui
293 2391 331 2450 sit
354 2390 490 2450 condicio
513 2391 606 2452 dulcis
629 2392 693 2452 sine
718 2393 838 2470 pulvere
860 2389 996 2471 palmae?

214 2474 307 2536 Vilius
330 2485 485 2572 argeptum
509 2486 553 2537 est
575 2495 657 2549 auro,
681 2477 737 2538 virt
725 2476 838 2538 tutibus
860 2495 980 2537 aurum:

211 2551 250 2621 ‘0
274 2561 361 2633 cives
384 2561 470 2634 cives,
494 2564 662 2661 quaerenda
686 2563 812 2643 pecunia
836 2563 963 2640 primum
987 2571 1047 2643 est3

211 2646 274 2705 Virt
262 2655 310 2707 tus
331 2657 398 2725 post
421 2638 580 2720 nummos,
603 2648 674 2708 haec
696 2647 785 2708 lanus
808 2666 940 2708 summus
962 2647 1028 2707 ab
1021 2664 1079 2707 nno

213 2731 369 2803 Prodocet,
393 2733 464 2792 liaec
487 2733 627 2793 recinunt
648 2733 768 2793 iuvenes
790 2733 896 2793 dictata
919 2750 1065 2810 senesque

212 2815 306 2875 Laevo
329 2818 466 2896 suspensi
489 2817 602 2878 loculos
624 2818 810 2895 tabulamque
834 2817 954 2878 lacerto

213 2899 263 2960 Est
286 2901 402 2962 animus
424 2901 487 2973 tihi,
511 2912 581 2962 suut
603 2921 710 2973 mores,
735 2914 778 2962 est
800 2902 901 2981 lingua
924 2904 1065 2980 fidesque,

214 2984 270 3043 Sed
294 2987 518 3081 quadringentis
540 3007 591 3047 sex
613 2997 743 3088 septem
750 2987 828 3046 milia
851 2988 974 3047 desunt:

214 3068 300 3129 Plebs
323 3072 399 3144 eris;
422 3081 451 3130 at
472 3073 557 3174 pueri
580 3065 743 3133 ludentes‘
749 3091 800 3132 rex
824 3063 898 3142 eris'
926 3073 1009 3132 aiunt

213 3146 257 3213 ‘Si
281 3157 396 3214 rectel
395 3154 497 3216 acies:
522 3157 569 3217 hic
591 3177 695 3219 murus
717 3176 827 3218 aeneus
850 3167 912 3218 esto

212 3238 258 3297 Nil
281 3242 415 3300 conscire
438 3241 503 3313 sibi,
528 3242 608 3302 nulla
631 3243 790 3322 pallescere
814 3242 910 3320 culpa.

212 3323 326 3393 Roscia,
350 3325 397 3384 dic
419 3326 513 3398 sodes,
537 3328 640 3387 melior
663 3329 708 3388 lex
731 3347 768 3387 an
791 3345 952 3405 puerorum
975 3334 1020 3386 est

213 3408 314 3481 nenia,
338 3428 413 3487 quae
435 3429 561 3488 regnum
584 3421 665 3472 recte
689 3412 864 3472 iacientibus
887 3412 984 3479 ollert,

213 3493 248 3552 Et
273 3495 402 3556 maribus
425 3497 520 3557 Curiis
542 3507 572 3557 et
593 3498 745 3558 decantata
768 3495 917 3557 Camillis?

131 3631 331 3638 ——-—.—

214 3730 264 3784 ln.
284 3732 316 3783 28
336 3730 424 3782 oculos
442 3733 476 3795 (o)
504 3734 507 3790 l
536 3733 568 3784 30
586 3729 689 3783 dlilonis
714 3748 737 3782 a.
760 3731 776 3782 l.
795 3746 839 3796 op.
857 3732 898 3781 Pe.
916 3731 981 3780 Aer.
1008 3729 1013 3794 l
1040 3730 1072 3780 42
1090 3727 1147 3778 vide
1164 3725 1196 3776 11-

128 3799 251 3850 Pmnem.
270 3815 296 3851 u.
314 3816 334 3848 s.
350 3802 389 3861 14,
403 3801 452 3852 306
473 3801 478 3865 Ι
499 3797 551 3867 [56]
564 3799 667 3850 ritrAK
685 3800 689 3863 Ι
709 3802 740 3851 δῖ
761 3803 848 3849 versui
866 3800 898 3850 58
917 3802 988 3848 recte
1003 3796 1198 3863 praeponillo)‚

126 3870 262 3930 postponit
280 3883 293 3917 o
310 3867 371 3933 lest
390 3867 485 3934 lingua]
504 3870 552 3932 lul:
572 3873 598 3920 et
616 3867 770 3934 lingua158
789 3868 810 3918 si
829 3869 865 3929 (o)
880 3869 884 3932 Ι
900 3865 984 3917 desint
1002 3867 1038 3930 (υ)
