2640 4372
541 109 731 162 SATlRARUbl
749 111 758 162 l
777 112 801 165 2.

224 282 405 361 Respondet.
450 282 602 343 Laudatur
624 283 659 343 ab
682 283 737 357 his,
761 283 897 362 culpatur
918 284 955 344 ab
977 285 1043 348 illis.

223 368 353 428 Fufidius
375 386 486 447 vappae
509 369 616 428 lamam
640 369 723 428 timet
744 387 777 428 ac
801 369 969 442 nebulonis,

222 453 308 514 Dives
329 454 415 532 agris,
438 454 519 514 dives
542 454 645 531 positis
668 454 698 513 in
722 454 843 513 faenore
867 455 1005 516 nummis.

220 538 331 607 Ouinas
353 538 400 598 hic
424 539 511 616 capiti
535 538 685 598 mercedes
708 548 826 599 exsecat
846 547 935 618 atque

220 623 338 692 Quanto
361 624 505 702 perditior
528 624 653 702 quisquc
675 631 728 696 est,
752 633 834 683 tanto
858 625 955 686 acrius
978 635 1080 704 urget;

210 707 347 783 ,Nomina
370 717 499 769 sectatur
521 710 609 768 modo
632 718 748 786 sumpta
771 718 850 769 reste
873 709 947 769 virili

221 793 282 853 Sub
306 793 439 871 patribus
461 793 542 853 duris
564 794 705 853 tironum.
746 784 892 853 ‘Maxime'
918 795 985 873 quis
1007 814 1069 854 non

215 871 394 956 ‘luppiterl’
420 879 571 951 exclamat,
594 879 791 956 simulatque
814 877 943 939 audivit?
963 873 1015 940 ‘At
1037 879 1067 938 in
1090 899 1121 941 se

218 963 277 1024 Pro
301 974 424 1041 quaestu
446 972 597 1042 sumptum
621 963 691 1023 lacit
713 956 778 1023 bic?
804 963 856 1024 Vix
879 964 1002 1024 credere
1024 966 1127 1043 possis,

219 1049 312 1118 Quam
337 1049 392 1110 sibi
416 1068 477 1108 non
500 1050 537 1108 sit
559 1048 679 1120 amicus,
703 1048 741 1107 ita
765 1060 797 1108 ut
819 1057 903 1128 pater
924 1049 983 1122 ille,
1005 1049 1125 1111 Terenti

219 1132 330 1194 Fabula
354 1152 440 1212 quem
464 1133 604 1194 miserum
627 1143 716 1211 gnato
740 1134 844 1194 vixisse
867 1135 968 1212 fugato

219 1218 344 1288 inducit,
369 1238 430 1278 non
454 1238 485 1278 se
509 1219 593 1297 peius
617 1219 789 1278 cruciaverit
811 1228 899 1296 atque
921 1219 980 1279 bic.

220 1303 319 1381 Siquis
343 1322 423 1364 nunc
447 1314 568 1380 quaerat
586 1296 659 1381 ‘quo
683 1322 731 1364 res
754 1303 825 1363 baec
847 1295 1024 1381 pertinet‘l'‚
1048 1305 1130 1366 illuc:

219 1388 295 1448 llum
318 1389 410 1448 vitant
431 1388 512 1448 stulti
533 1389 609 1459 vitia,
633 1389 664 1449 in
688 1389 837 1448 contraria
860 1400 994 1450 currunt.

220 1473 378 1534 blaltbinus
400 1474 510 1534 tunicis
532 1474 664 1534 demissis
687 1472 825 1545 ambulat
848 1474 966 1551 estqui

219 1557 333 1636 inguen
357 1560 393 1619 ad
416 1559 596 1619 obscaenum
619 1558 772 1620 subductis
797 1577 888 1635 usque
911 1559 1038 1632 facetus;

218 1644 353 1704 Pastillos
375 1643 501 1704 Rufillus
524 1644 591 1716 olet,
615 1643 781 1722 Gorgonius
804 1643 935 1703 hircum:

217 1729 263 1789 Nil
285 1728 412 1787 medium
438 1738 490 1788 est.
525 1730 602 1788 Sunt
624 1729 673 1806 qui
698 1728 793 1788 nolint
815 1728 945 1805 tetigisse
969 1729 1025 1789 nisi
1049 1728 1118 1800 illas,

216 1814 348 1882 Quarum
371 1813 493 1873 subsuta
516 1813 590 1874 talos
613 1822 692 1890 tegat
714 1813 814 1874 instita
837 1822 925 1886 veste,

216 1895 324 1956 Contra
348 1897 421 1957 alius
445 1897 555 1956 nullam
579 1899 634 1959 nisi
658 1899 749 1958 olenti
772 1898 802 1958 in
826 1898 940 1958 fornice
963 1907 1098 1962 stantem.

215 1980 341 2050 Quidam
365 1990 452 2041 notus
474 1983 564 2042 bomo
588 2001 653 2042 cum
678 1985 771 2043 exiret
792 1983 915 2056 fornice,
935 1976 1045 2043 ‘macte

215 2064 329 2124 Virtute
352 2056 444 2125 estol’
472 2066 569 2144 inquit
591 2069 735 2128 sententia
759 2068 803 2128 dia
828 2066 946 2128 Catonis

214 2143 302 2210 ‘Nam
324 2150 411 2210 simul
433 2169 467 2210 ac
488 2170 577 2212 venas
599 2151 710 2213 inflavit
732 2161 824 2212 taetra
847 2152 948 2226 libido,

218 2235 283 2295 lluc
306 2236 428 2296 iuvenes
449 2255 575 2314 aequum
600 2246 645 2298 est
667 2239 857 2309 descendere,
881 2257 942 2297 non
965 2237 1075 2298 alienas

218 2321 385 2381 Permolere
408 2317 535 2383 uxores?
577 2315 686 2383 ‘Nolim
711 2318 865 2384 laudarier'
889 2323 998 2400 inquit

213 2399 277 2466 ‘Sic
299 2398 353 2466 nre'
379 2407 502 2467 mirator
523 2409 615 2468 cunni
639 2408 822 2488 Cupiennius
845 2408 912 2467 albi.
935 2443 977 2453 -

215 2492 323 2552 Audire
346 2502 390 2553 est
412 2511 520 2570 operae
545 2494 680 2571 pretium,
704 2493 867 2572 procedere
889 2500 970 2553 recte

215 2577 272 2648 Qui
295 2578 424 2638 moechis
447 2597 506 2637 non
530 2579 624 2649 voltis,
648 2588 682 2638 ut
704 2578 785 2638 omni
808 2586 892 2656 parte
913 2577 1050 2638 laborent

214 2662 309 2740 thue
333 2663 388 2722 illis
411 2664 502 2722 multo
526 2674 666 2741 corrupta
689 2663 790 2722 dolore
813 2663 954 2740 voluptas,

213 2746 309 2824 Atque
331 2748 403 2807 baec
427 2766 501 2819 rara,
525 2748 610 2807 cadat
631 2749 703 2808 dura
726 2748 805 2807 inter
826 2765 913 2826 saepe
936 2747 1055 2825 pericla.

214 2831 268 2890 llic
291 2849 321 2890 se
346 2833 535 2910 praecipitem
559 2841 636 2892 tecto
660 2832 748 2903 dedit,
771 2833 820 2892 ille
843 2832 964 2911 flagellis

211 2916 254 2975 Ad
278 2926 404 2976 mortem
427 2935 544 2992 caesus;
568 2918 685 2994 fugiens
707 2917 756 2977 hic
779 2917 888 2978 decidit
908 2935 1006 2977 acrem

213 3000 398 3062 Praedonum
423 3001 453 3060 in
478 3000 606 3074 turbam,
629 3003 709 3062 dedit
730 3002 778 3062 hic
802 3021 856 3081 pro
880 3020 1007 3080 corpore
1029 3013 1170 3069 nummcs;

214 3084 302 3145 Hunc
324 3087 551 3163 perminxerunt
573 3087 701 3160 calones,
726 3087 798 3165 quin
822 3087 909 3147 etiam
933 3086 1005 3147 illud

212 3170 335 3241 Accidit,
359 3180 392 3230 ut
414 3173 529 3232 cuidam
553 3172 636 3233 testis
659 3172 842 3251 caudamque
864 3172 988 3233 salacem

212 3255 399 3316 Demeterent
423 3259 513 3316 ferro.
555 3250 644 3318 ‘lure'
671 3276 793 3333 omnes3
818 3257 908 3317 Galba
932 3255 1069 3335 negabat.
1093 3290 1131 3301 -

211 3339 315 3400 Tutior
337 3351 366 3401 at
388 3352 499 3420 quanto
523 3361 604 3402 merx
628 3344 725 3404 estin
749 3343 841 3404 classe
864 3343 1003 3414 secunda,

126 3459 330 3469 ———

209 3524 229 3576 ll
248 3543 271 3578 o.
292 3527 322 3578 13
342 3525 434 3588 [ΗΜ],
458 3531 487 3576 at
512 3526 546 3586 cf.
566 3527 592 3578 V
608 3527 625 3578 l.
644 3529 821 3577 ertmmnroime
839 3527 856 3578 l.
873 3542 899 3591 p.
921 3529 994 3591 lbcq.
1022 3525 1026 3592 Ι
1057 3529 1088 3580 19
1107 3507 1191 3577 iecill'

123 3590 190 3643 llic?
207 3594 410 3644 Doederleinius
425 3597 429 3657 1
446 3596 476 3645 25
491 3593 611 3645 lllaltinns
630 3599 657 3644 et
672 3593 815 3646 Malchinus
831 3597 835 3656 Ι
851 3596 883 3646 28
901 3593 991 3644 nolunt
1006 3594 1011 3659 Ι
1026 3595 1060 3647 38
1078 3592 1194 3646 moechos

123 3661 159 3722 (v)
179 3660 297 3727 (inpetus
315 3661 399 3712 Bentl.
426 3663 430 3724 Ι
458 3665 533 3727 dboq.
552 3662 652 3713 cuidam
671 3665 713 3725 (a
731 3666 757 3727 u)
770 3699 796 3713 ..
815 3661 973 3714 demeterent
992 3661 1069 3725 ferro]
1089 3662 1116 3715 0.
1133 3661 1195 3713 Bar·

125 3729 198 3777 thius
216 3730 318 3781 advers.
336 3728 460 3780 XXXVlll
479 3732 501 3790 6,
520 3729 621 3780 Beati:
640 3730 741 3796 quidam
761 3767 788 3782 ..
808 3729 948 3782 demeteret
966 3729 1033 3782 ferro
1052 3731 1127 3782 codd.
1142 3728 1197 3790 fera

123 3811 212 3844 omnes
225 3798 324 3849 cuidam
337 3839 343 3850 .
358 3837 364 3850 .
376 3797 518 3850 demeteret
537 3798 630 3849 terrum
649 3798 795 3848 Lambinus
