2640 4372
123 192 185 250 216
500 190 731 244 EPISTULARUM
748 193 768 244 ll
788 196 810 246 l.

209 364 346 426 Carmine
368 364 397 424 di
420 365 519 443 superi
542 365 706 444 placantur,
729 366 860 426 carmine
884 365 996 427 Manes.
1021 400 1067 410 —

208 449 361 529 Agricolae
384 450 482 528 prisci,
505 451 598 510 l'ortes
619 469 769 528 parvoque
792 451 878 522 beati,

123 547 166 597 lto
210 534 335 596 Condita
357 545 425 613 post
447 536 594 595 frumenta
617 537 747 596 levantes
769 546 903 615 tempore
925 538 1001 597 festo

211 619 326 699 Corpus
348 631 377 680 et
398 621 495 699 ipsum
517 621 646 680 animum
670 640 722 699 spe
744 622 812 682 linis
834 621 914 681 dura·
929 622 1080 682 ferentem

209 706 281 767 Cum
305 706 392 766 sociis
414 724 548 783 operum,
571 707 672 784 pueris
694 716 723 766 et
744 707 872 784 coniuge
893 707 960 778 lida,

209 790 357 850 Tellurem
379 808 482 868 porco,
506 790 655 851 Silvanum
678 792 752 851 lacte
774 791 905 870 piabant,

210 875 345 936 Floribus
367 885 396 935 et
417 876 486 935 vino
509 875 636 936 Genium
659 894 820 937 memorem
842 876 938 936 brevis
961 879 1034 938 aevi.

210 960 395 1021 Fescennina
417 978 471 1038 per
493 961 573 1020 hunc
597 961 715 1021 inventa
737 962 854 1022 licentia
877 979 989 1021 morem

209 1045 348 1106 Versibus
370 1045 492 1105 alternis
515 1046 675 1124 opprobria
698 1047 807 1106 rustica
830 1047 915 1116 ludit,

208 1130 401 1208 Libertasque
424 1131 607 1191 recurrentis
629 1142 748 1209 accepta
772 1151 825 1209 per
847 1150 943 1192 annos

208 1216 292 1276 Lusit
315 1216 486 1279 amabiliter.
510 1216 606 1277 donec
628 1217 684 1275 iam
708 1235 811 1276 saeuus
833 1227 963 1294 apertam

208 1301 243 1360 ln
266 1299 377 1361 rabiem
400 1302 500 1378 coepit
521 1302 594 1361 verti
616 1301 699 1361 iocus
721 1312 750 1360 et
772 1321 826 1380 per
847 1302 987 1362 honestas

208 1385 254 1445 Ire
277 1387 380 1447 domos
403 1386 524 1465 impune
547 1385 656 1446 minax.
701 1386 829 1447 Doluere
851 1397 976 1447 cruento

208 1471 303 1531 Dente
326 1472 460 1542 lacessiti,
484 1472 539 1532 luit
560 1471 678 1531 intactis
700 1490 820 1549 quoque
842 1490 913 1531 cura

210 1555 391 1617 Condicione
413 1575 503 1636 super
525 1557 686 1626 communi,
710 1557 781 1633 quin
805 1556 892 1616 etiam
915 1557 962 1616 lex

209 1641 368 1720 Poenaque
390 1643 457 1713 lata,
480 1642 556 1702 malo
580 1660 654 1720 quae
678 1642 770 1701 nollet
792 1641 922 1701 carmine
945 1660 1133 1722 quemquam

209 1727 357 1788 Describit
381 1739 495 1787 vertere
517 1727 639 1787 modum
662 1727 820 1786 formidine
843 1727 928 1786 iustis

209 1813 252 1872 Ad
275 1813 532 1873 benedicendum
555 1812 821 1890 delectandumque
844 1811 963 1871 redacti.
987 1845 1028 1856 -

209 1897 329 1958 Graecia
352 1908 436 1977 capta
458 1898 554 1958 lerum
575 1897 716 1957 victorem
739 1897 818 1975 cepit
839 1905 869 1956 et
891 1897 961 1956 artis

209 1981 312 2043 lntuht
334 1983 441 2060 agresti
464 1983 563 2057 Latio;
586 1982 628 2042 sic
652 1982 790 2043 horridus
812 1982 860 2042 ille

208 2067 337 2126 Deduxit
360 2086 503 2127 numerus
525 2067 683 2127 Saturnius
705 2078 735 2127 et
756 2086 843 2146 grave
864 2066 944 2127 virus

209 2151 371 2211 Munditiae
394 2152 544 2229 pepulere,
567 2151 619 2212 sed
640 2152 672 2211 in
695 2151 819 2231 longum
841 2162 939 2211 tamen
962 2170 1067 2212 aevum

209 2236 383 2297 llanserunt
404 2237 551 2315 hodieque
575 2247 698 2296 manent
719 2238 839 2315 vestigia
861 2237 947 2296 ruris.

210 2322 301 2382 Serus
323 2322 403 2381 enim
426 2321 546 2382 Graecis
567 2321 695 2381 admovit
717 2323 853 2382 acumina
875 2321 984 2382 chartis

209 2407 246 2467 Et
268 2418 336 2486 post
358 2408 470 2468 Punica
491 2407 568 2467 bella
591 2407 708 2485 quietus
731 2426 874 2485 quaerere
897 2407 1005 2485 coepit,

210 2493 288 2563 Ouid
311 2493 476 2572 Sophocles
499 2503 528 2553 et
551 2493 676 2572 Thespis
699 2504 729 2552 et
750 2492 912 2571 Aeschylus
933 2491 1006 2552 utile
1028 2493 1160 2554 ferrent.
1197 2510 1201 2515 ·

210 2578 375 2658 Temptavit
397 2598 516 2657 quoque
539 2597 612 2650 rem,
635 2579 659 2638 si
682 2578 770 2656 digne
794 2589 908 2637 vertere
930 2586 1040 2656 posset,

210 2663 248 2722 Et
270 2665 379 2742 placuit
400 2665 455 2725 sibi
479 2674 583 2723 natura
606 2663 740 2724 sublimis
763 2675 792 2722 et
814 2680 895 2725 acer:

208 2749 282 2808 Nam
305 2749 397 2827 spirat
419 2749 563 2828 tragicum
586 2748 656 2808 satis
679 2759 709 2808 et
730 2748 855 2807 leliciter
877 2748 973 2818 audet,

211 2834 269 2892 Sed
293 2845 409 2912 turpem
433 2844 518 2912 putat
539 2834 643 2894 inscite
666 2833 830 2910 metuitque
853 2832 981 2892 lituram.

212 2916 355 2991 Creditur,
379 2938 415 2978 er
436 2919 534 2978 medio
558 2919 626 2996 quia
648 2937 696 2978 res
718 2918 849 2988 arcessit,
873 2917 982 2978 hahere

211 3003 334 3063 Sudoris
357 3004 521 3075 minimum,
544 3005 594 3063 sed
618 3003 706 3063 habet
727 3002 879 3062 comoedia
901 3012 985 3061 tanto

126 3098 169 3148 170
211 3088 282 3147 Plus
304 3089 413 3159 oneris,
437 3099 547 3166 quanto
570 3089 672 3148 veniae
694 3088 808 3148 minus:
831 3087 958 3164 adspice,
981 3085 1104 3146 Plautus

211 3172 277 3242 Quo
301 3183 387 3250 pacto
410 3186 508 3252 partes
530 3183 643 3234 tutetur
665 3173 790 3233 amantis
812 3172 929 3250 ephebi,

209 3257 249 3317 Ut
271 3258 362 3337 patris
384 3259 499 3331 attenti,
521 3259 639 3319 lenonis
663 3269 695 3318 ut
716 3258 857 3328 insidiosi,

211 3342 347 3412 Quantus
369 3344 406 3404 sit
428 3344 602 3405 Dossennus
624 3343 763 3404 edacibus
786 3343 815 3403 in
840 3342 981 3422 parasitis,

210 3427 304 3497 Quam
328 3448 390 3488 non
413 3430 551 3489 adstricto
575 3440 731 3507 percurrat
751 3428 864 3506 pulpita
886 3443 991 3499 soceo;

124 3523 168 3572 tta
213 3513 306 3574 Gestit
328 3514 407 3575 enim
431 3533 585 3574 nummum
608 3516 638 3574 in
662 3514 775 3574 loculos
798 3513 962 3584 demittere,
985 3511 1134 3590 posthoc

122 3634 324 3642 ——..

210 3682 220 3733 l
239 3700 261 3732 υ.
282 3685 330 3735 142
349 3687 375 3732 et
393 3683 479 3748 pueris
497 3681 542 3744 etl
560 3684 607 3732 145
627 3682 728 3732 invecta
748 3681 774 3732 C.
788 3680 873 3730 Barth
891 3679 928 3730 ad
940 3678 1084 3730 Claudiani
1102 3678 1208 3741 epitha-

128 3753 239 3801 lamium
261 3752 375 3801 Honorz'c'
406 3750 445 3800 ed.
477 3749 618 3800 Claudium.
645 3766 673 3814 p.
693 3751 741 3800 tuo
771 3752 863 3812 tacite,
887 3747 973 3799 Benll.
1001 3746 1005 3812 Ι
1035 3747 1082 3798 153
1111 3752 1171 3795 nata

124 3821 175 3939 llp58
186 3817 340 3938 tpidllptpptrpl
350 3817 492 3870 Nuuclriur
503 3822 567 3915 tecte
578 3816 623 3866 Oh'
635 3818 639 3883 Ι
658 3820 704 3868 rut
718 3818 743 3868 in
757 3817 859 3882 scriptis
871 3842 902 3861 =
917 3816 953 3866 Ba
961 3832 1006 3880 pr.
1018 3832 1039 3865 r.
1052 3813 1185 3879 inscriptis
