<?xml version="1.0" encoding="UTF-8"?>
<!DOCTYPE html PUBLIC "-//W3C//DTD XHTML 1.0 Transitional//EN"
    "http://www.w3.org/TR/xhtml1/DTD/xhtml1-transitional.dtd">
<html xmlns="http://www.w3.org/1999/xhtml" xml:lang="en" lang="en">
 <head>
  <title>
</title>
<meta http-equiv="Content-Type" content="text/html;charset=utf-8" />
  <meta name='ocr-system' content='tesseract 3.04.00' />
  <meta name='ocr-capabilities' content='ocr_page ocr_carea ocr_par ocr_line ocrx_word'/>
</head>
<body>
  <div class='ocr_page' id='page_1' title='image "./qhoratiiflaccic01hertgoog_0219.png"; bbox 0 0 2640 4372; ppageno 0'>
   <div class='ocr_carea' id='block_1_1' title="bbox 140 204 203 263">
    <p class='ocr_par' dir='ltr' id='par_1_1' title="bbox 140 204 203 263">
     <span class='ocr_line' id='line_1_1' title="bbox 140 204 203 263; baseline 0 -1"><span class='ocrx_word' id='word_1_1' title='bbox 140 204 203 263; x_wconf 81' lang='lat'>206</span> 
     </span>
    </p>
   </div>
   <div class='ocr_carea' id='block_1_2' title="bbox 491 205 865 263">
    <p class='ocr_par' dir='ltr' id='par_1_2' title="bbox 491 205 865 263">
     <span class='ocr_line' id='line_1_2' title="bbox 491 205 865 263; baseline 0.013 -5"><span class='ocrx_word' id='word_1_2' title='bbox 491 205 720 260; x_wconf 67' lang='lat' dir='ltr'>remittant!</span> <span class='ocrx_word' id='word_1_3' title='bbox 737 209 747 260; x_wconf 99' lang='lat' dir='ltr'>l</span> <span class='ocrx_word' id='word_1_4' title='bbox 767 212 806 262; x_wconf 85' lang='grc' dir='ltr'>Π.</span> <span class='ocrx_word' id='word_1_5' title='bbox 825 212 865 263; x_wconf 84' lang='grc'>18.</span> 
     </span>
    </p>
   </div>
   <div class='ocr_carea' id='block_1_3' title="bbox 208 379 1164 3017">
    <p class='ocr_par' dir='ltr' id='par_1_3' title="bbox 223 379 1137 886">
     <span class='ocr_line' id='line_1_3' title="bbox 227 379 1137 461; baseline 0.003 -20"><span class='ocrx_word' id='word_1_6' title='bbox 227 379 385 441; x_wconf 84' lang='lat' dir='ltr'>Rettuleris</span> <span class='ocrx_word' id='word_1_7' title='bbox 408 398 550 458; x_wconf 86' lang='lat' dir='ltr'>pannum.</span> <span class='ocrx_word' id='word_1_8' title='bbox 595 379 684 441; x_wconf 80' lang='lat' dir='ltr'><strong>Refer</strong></span> <span class='ocrx_word' id='word_1_9' title='bbox 705 393 735 440; x_wconf 91' lang='lat' dir='ltr'>et</span> <span class='ocrx_word' id='word_1_10' title='bbox 756 383 821 442; x_wconf 89' lang='lat' dir='ltr'>sine</span> <span class='ocrx_word' id='word_1_11' title='bbox 842 381 920 442; x_wconf 80' lang='lat' dir='ltr'>vivat</span> <span class='ocrx_word' id='word_1_12' title='bbox 941 382 1075 461; x_wconf 89' lang='lat' dir='ltr'>ineptusl</span> <span class='ocrx_word' id='word_1_13' title='bbox 1098 419 1137 429; x_wconf 93' lang='lat'>—</span> 
     </span>
     <span class='ocr_line' id='line_1_4' title="bbox 226 464 1027 544; baseline 0.005 -20"><span class='ocrx_word' id='word_1_14' title='bbox 226 464 284 527; x_wconf 84' lang='lat' dir='ltr'>Res</span> <span class='ocrx_word' id='word_1_15' title='bbox 305 483 410 544; x_wconf 80' lang='lat' dir='ltr'>gerere</span> <span class='ocrx_word' id='word_1_16' title='bbox 432 475 463 526; x_wconf 91' lang='lat' dir='ltr'>et</span> <span class='ocrx_word' id='word_1_17' title='bbox 484 473 586 543; x_wconf 87' lang='lat' dir='ltr'>captos</span> <span class='ocrx_word' id='word_1_18' title='bbox 609 467 767 527; x_wconf 81' lang='lat' dir='ltr'>ostendere</span> <span class='ocrx_word' id='word_1_19' title='bbox 788 467 901 528; x_wconf 87' lang='lat' dir='ltr'>civibus</span> <span class='ocrx_word' id='word_1_20' title='bbox 923 467 1027 541; x_wconf 82' lang='lat' dir='ltr'>bostis,</span> 
     </span>
     <span class='ocr_line' id='line_1_5' title="bbox 225 550 947 631; baseline 0.001 -21"><span class='ocrx_word' id='word_1_21' title='bbox 225 551 351 628; x_wconf 75' lang='lat' dir='ltr'>Attingit</span> <span class='ocrx_word' id='word_1_22' title='bbox 372 550 478 611; x_wconf 92' lang='lat' dir='ltr'>solium</span> <span class='ocrx_word' id='word_1_23' title='bbox 501 550 578 610; x_wconf 83' lang='lat' dir='ltr'>loris</span> <span class='ocrx_word' id='word_1_24' title='bbox 599 561 630 610; x_wconf 94' lang='lat' dir='ltr'>et</span> <span class='ocrx_word' id='word_1_25' title='bbox 651 551 786 612; x_wconf 83' lang='lat' dir='ltr'>caelestia</span> <span class='ocrx_word' id='word_1_26' title='bbox 807 561 947 631; x_wconf 89' lang='lat' dir='ltr'>temptat:</span> 
     </span>
     <span class='ocr_line' id='line_1_6' title="bbox 226 634 1044 714; baseline 0.001 -17"><span class='ocrx_word' id='word_1_27' title='bbox 226 635 414 714; x_wconf 84' lang='lat' dir='ltr'>Principibus</span> <span class='ocrx_word' id='word_1_28' title='bbox 436 634 581 714; x_wconf 84' lang='lat' dir='ltr'>placuisse</span> <span class='ocrx_word' id='word_1_29' title='bbox 603 636 672 697; x_wconf 78' lang='lat' dir='ltr'>viris</span> <span class='ocrx_word' id='word_1_30' title='bbox 696 657 756 697; x_wconf 95' lang='lat' dir='ltr'>non</span> <span class='ocrx_word' id='word_1_31' title='bbox 779 637 881 698; x_wconf 91' lang='lat' dir='ltr'>ultima</span> <span class='ocrx_word' id='word_1_32' title='bbox 903 637 968 698; x_wconf 86' lang='lat' dir='ltr'>laus</span> <span class='ocrx_word' id='word_1_33' title='bbox 990 648 1044 698; x_wconf 82' lang='lat' dir='ltr'>cst</span> 
     </span>
     <span class='ocr_line' id='line_1_7' title="bbox 223 720 1023 799; baseline 0.004 -17"><span class='ocrx_word' id='word_1_34' title='bbox 223 722 290 782; x_wconf 90' lang='lat' dir='ltr'>Non</span> <span class='ocrx_word' id='word_1_35' title='bbox 313 721 405 782; x_wconf 84' lang='lat' dir='ltr'>cuivis</span> <span class='ocrx_word' id='word_1_36' title='bbox 426 720 540 781; x_wconf 88' lang='lat' dir='ltr'>bomini</span> <span class='ocrx_word' id='word_1_37' title='bbox 563 722 710 799; x_wconf 82' lang='lat' dir='ltr'>contingit</span> <span class='ocrx_word' id='word_1_38' title='bbox 731 723 813 783; x_wconf 90' lang='lat' dir='ltr'>adire</span> <span class='ocrx_word' id='word_1_39' title='bbox 835 723 1023 787; x_wconf 79' lang='lat' dir='ltr'>Corinthum.</span> 
     </span>
     <span class='ocr_line' id='line_1_8' title="bbox 223 803 978 886; baseline 0 -20"><span class='ocrx_word' id='word_1_40' title='bbox 223 806 306 867; x_wconf 88' lang='lat' dir='ltr'>Sedit</span> <span class='ocrx_word' id='word_1_41' title='bbox 327 807 378 886; x_wconf 91' lang='lat' dir='ltr'>qui</span> <span class='ocrx_word' id='word_1_42' title='bbox 400 806 506 878; x_wconf 87' lang='lat' dir='ltr'>timuit,</span> <span class='ocrx_word' id='word_1_43' title='bbox 530 825 568 866; x_wconf 89' lang='lat' dir='ltr'>ne</span> <span class='ocrx_word' id='word_1_44' title='bbox 591 825 652 866; x_wconf 95' lang='lat' dir='ltr'>non</span> <span class='ocrx_word' id='word_1_45' title='bbox 675 808 862 868; x_wconf 82' lang='lat' dir='ltr'>succederet:</span> <span class='ocrx_word' id='word_1_46' title='bbox 882 803 978 869; x_wconf 81' lang='lat' dir='ltr'>‘Esto</span> 
     </span>
    </p>

    <p class='ocr_par' dir='ltr' id='par_1_4' title="bbox 223 889 998 971">
     <span class='ocr_line' id='line_1_9' title="bbox 223 889 998 971; baseline 0 -18"><span class='ocrx_word' id='word_1_47' title='bbox 223 892 311 968; x_wconf 85' lang='lat' dir='ltr'>Quid,</span> <span class='ocrx_word' id='word_1_48' title='bbox 333 893 384 970; x_wconf 84' lang='lat' dir='ltr'>qui</span> <span class='ocrx_word' id='word_1_49' title='bbox 407 892 551 970; x_wconf 87' lang='lat' dir='ltr'>pervenit,</span> <span class='ocrx_word' id='word_1_50' title='bbox 573 893 683 951; x_wconf 79' lang='lat' dir='ltr'>fecitne</span> <span class='ocrx_word' id='word_1_51' title='bbox 705 889 863 953; x_wconf 70' lang='lat' dir='ltr'>viriliterl&#39;</span> <span class='ocrx_word' id='word_1_52' title='bbox 909 894 998 971; x_wconf 76' lang='lat' dir='ltr'>Atqui</span> 
     </span>
    </p>

    <p class='ocr_par' dir='ltr' id='par_1_5' title="bbox 221 977 1164 1143">
     <span class='ocr_line' id='line_1_10' title="bbox 222 977 1164 1056; baseline 0.004 -18"><span class='ocrx_word' id='word_1_53' title='bbox 222 978 277 1038; x_wconf 88' lang='lat' dir='ltr'>llic</span> <span class='ocrx_word' id='word_1_54' title='bbox 300 989 345 1038; x_wconf 89' lang='lat' dir='ltr'>est</span> <span class='ocrx_word' id='word_1_55' title='bbox 366 986 418 1037; x_wconf 93' lang='lat' dir='ltr'>aut</span> <span class='ocrx_word' id='word_1_56' title='bbox 440 994 585 1055; x_wconf 80' lang='lat' dir='ltr'>nusquam</span> <span class='ocrx_word' id='word_1_57' title='bbox 608 978 687 1056; x_wconf 90' lang='lat' dir='ltr'>quod</span> <span class='ocrx_word' id='word_1_58' title='bbox 710 977 888 1055; x_wconf 85' lang='lat' dir='ltr'>quaerimus</span> <span class='ocrx_word' id='word_1_59' title='bbox 923 978 980 1038; x_wconf 83' lang='lat' dir='ltr'>llic</span> <span class='ocrx_word' id='word_1_60' title='bbox 1001 997 1080 1041; x_wconf 91' lang='lat' dir='ltr'>onus</span> <span class='ocrx_word' id='word_1_61' title='bbox 1101 981 1164 1042; x_wconf 91' lang='lat' dir='ltr'>borr</span> 
     </span>
     <span class='ocr_line' id='line_1_11' title="bbox 221 1061 944 1143; baseline 0 -20"><span class='ocrx_word' id='word_1_62' title='bbox 221 1063 260 1123; x_wconf 94' lang='lat' dir='ltr'>Ut</span> <span class='ocrx_word' id='word_1_63' title='bbox 280 1064 379 1143; x_wconf 82' lang='lat' dir='ltr'>parvis</span> <span class='ocrx_word' id='word_1_64' title='bbox 400 1061 506 1122; x_wconf 90' lang='lat' dir='ltr'>animis</span> <span class='ocrx_word' id='word_1_65' title='bbox 529 1072 558 1121; x_wconf 90' lang='lat' dir='ltr'>et</span> <span class='ocrx_word' id='word_1_66' title='bbox 580 1080 670 1141; x_wconf 87' lang='lat' dir='ltr'>parvo</span> <span class='ocrx_word' id='word_1_67' title='bbox 692 1081 819 1142; x_wconf 88' lang='lat' dir='ltr'>corpore</span> <span class='ocrx_word' id='word_1_68' title='bbox 840 1064 944 1137; x_wconf 89' lang='lat' dir='ltr'>maius,</span> 
     </span>
    </p>

    <p class='ocr_par' dir='ltr' id='par_1_6' title="bbox 219 1147 1112 1397">
     <span class='ocr_line' id='line_1_12' title="bbox 221 1147 1112 1226; baseline 0.002 -18"><span class='ocrx_word' id='word_1_69' title='bbox 221 1148 275 1210; x_wconf 87' lang='lat' dir='ltr'>llic</span> <span class='ocrx_word' id='word_1_70' title='bbox 297 1147 378 1209; x_wconf 81' lang='lat' dir='ltr'>subit</span> <span class='ocrx_word' id='word_1_71' title='bbox 400 1158 430 1208; x_wconf 92' lang='lat' dir='ltr'>et</span> <span class='ocrx_word' id='word_1_72' title='bbox 451 1147 573 1226; x_wconf 79' lang='lat' dir='ltr'>perfert.</span> <span class='ocrx_word' id='word_1_73' title='bbox 618 1148 676 1207; x_wconf 80' lang='lat' dir='ltr'>dut</span> <span class='ocrx_word' id='word_1_74' title='bbox 697 1148 790 1209; x_wconf 84' lang='lat' dir='ltr'>virtus</span> <span class='ocrx_word' id='word_1_75' title='bbox 813 1166 922 1208; x_wconf 89' lang='lat' dir='ltr'>nomen</span> <span class='ocrx_word' id='word_1_76' title='bbox 944 1149 1036 1210; x_wconf 90' lang='lat' dir='ltr'>inane</span> <span class='ocrx_word' id='word_1_77' title='bbox 1059 1160 1112 1219; x_wconf 74' lang='lat' dir='ltr'>est.</span> 
     </span>
     <span class='ocr_line' id='line_1_13' title="bbox 219 1232 1110 1312; baseline 0.002 -20"><span class='ocrx_word' id='word_1_78' title='bbox 219 1237 278 1294; x_wconf 80' lang='lat' dir='ltr'>Aut</span> <span class='ocrx_word' id='word_1_79' title='bbox 298 1233 389 1294; x_wconf 87' lang='lat' dir='ltr'>decus</span> <span class='ocrx_word' id='word_1_80' title='bbox 411 1241 441 1293; x_wconf 91' lang='lat' dir='ltr'>et</span> <span class='ocrx_word' id='word_1_81' title='bbox 462 1232 591 1310; x_wconf 90' lang='lat' dir='ltr'>pretium</span> <span class='ocrx_word' id='word_1_82' title='bbox 614 1243 693 1293; x_wconf 90' lang='lat' dir='ltr'>recte</span> <span class='ocrx_word' id='word_1_83' title='bbox 716 1234 791 1312; x_wconf 91' lang='lat' dir='ltr'>petit</span> <span class='ocrx_word' id='word_1_84' title='bbox 813 1233 971 1312; x_wconf 81' lang='lat' dir='ltr'>experiens</span> <span class='ocrx_word' id='word_1_85' title='bbox 993 1234 1045 1294; x_wconf 88' lang='lat' dir='ltr'>vir.</span> <span class='ocrx_word' id='word_1_86' title='bbox 1070 1270 1110 1280; x_wconf 97' lang='lat'><strong>—</strong></span> 
     </span>
     <span class='ocr_line' id='line_1_14' title="bbox 221 1318 904 1397; baseline 0 -17"><span class='ocrx_word' id='word_1_87' title='bbox 221 1319 326 1380; x_wconf 83' lang='lat' dir='ltr'>Coram</span> <span class='ocrx_word' id='word_1_88' title='bbox 349 1337 419 1397; x_wconf 82' lang='lat' dir='ltr'>rege</span> <span class='ocrx_word' id='word_1_89' title='bbox 441 1335 493 1377; x_wconf 88' lang='lat' dir='ltr'>sua</span> <span class='ocrx_word' id='word_1_90' title='bbox 516 1318 553 1377; x_wconf 90' lang='lat' dir='ltr'>de</span> <span class='ocrx_word' id='word_1_91' title='bbox 575 1327 749 1396; x_wconf 89' lang='lat' dir='ltr'>paupertate</span> <span class='ocrx_word' id='word_1_92' title='bbox 772 1327 904 1380; x_wconf 85' lang='lat' dir='ltr'>tacentes</span> 
     </span>
    </p>

    <p class='ocr_par' dir='ltr' id='par_1_7' title="bbox 216 1402 1085 1653">
     <span class='ocr_line' id='line_1_15' title="bbox 221 1402 1062 1484; baseline 0.001 -20"><span class='ocrx_word' id='word_1_93' title='bbox 221 1405 290 1465; x_wconf 87' lang='lat' dir='ltr'>Plus</span> <span class='ocrx_word' id='word_1_94' title='bbox 312 1410 455 1484; x_wconf 91' lang='lat' dir='ltr'>poscente</span> <span class='ocrx_word' id='word_1_95' title='bbox 477 1403 583 1462; x_wconf 84' lang='lat' dir='ltr'>serent</span> <span class='ocrx_word' id='word_1_96' title='bbox 627 1402 729 1474; x_wconf 81' lang='lat' dir='ltr'>Distat,</span> <span class='ocrx_word' id='word_1_97' title='bbox 752 1422 891 1464; x_wconf 87' lang='lat' dir='ltr'>sumasne</span> <span class='ocrx_word' id='word_1_98' title='bbox 912 1404 1062 1482; x_wconf 86' lang='lat' dir='ltr'>pudenter</span> 
     </span>
     <span class='ocr_line' id='line_1_16' title="bbox 219 1488 1085 1568; baseline 0.002 -19"><span class='ocrx_word' id='word_1_99' title='bbox 219 1490 265 1550; x_wconf 84' lang='lat' dir='ltr'>An</span> <span class='ocrx_word' id='word_1_100' title='bbox 289 1490 401 1568; x_wconf 89' lang='lat' dir='ltr'>rapias;</span> <span class='ocrx_word' id='word_1_101' title='bbox 424 1488 505 1566; x_wconf 87' lang='lat' dir='ltr'>atqui</span> <span class='ocrx_word' id='word_1_102' title='bbox 528 1506 628 1548; x_wconf 90' lang='lat' dir='ltr'>rerum</span> <span class='ocrx_word' id='word_1_103' title='bbox 651 1499 741 1567; x_wconf 90' lang='lat' dir='ltr'>caput</span> <span class='ocrx_word' id='word_1_104' title='bbox 762 1489 819 1549; x_wconf 90' lang='lat' dir='ltr'>hoc</span> <span class='ocrx_word' id='word_1_105' title='bbox 841 1498 914 1561; x_wconf 85' lang='lat' dir='ltr'>erat,</span> <span class='ocrx_word' id='word_1_106' title='bbox 937 1489 985 1548; x_wconf 94' lang='lat' dir='ltr'>hic</span> <span class='ocrx_word' id='word_1_107' title='bbox 1008 1490 1085 1551; x_wconf 85' lang='lat' dir='ltr'>lons.</span> 
     </span>
     <span class='ocr_line' id='line_1_17' title="bbox 216 1569 963 1653; baseline -0.003 -19"><span class='ocrx_word' id='word_1_108' title='bbox 216 1569 364 1635; x_wconf 85' lang='lat' dir='ltr'>‘lndotata</span> <span class='ocrx_word' id='word_1_109' title='bbox 386 1573 458 1632; x_wconf 85' lang='lat' dir='ltr'>milri</span> <span class='ocrx_word' id='word_1_110' title='bbox 480 1591 566 1634; x_wconf 87' lang='lat' dir='ltr'>soror</span> <span class='ocrx_word' id='word_1_111' title='bbox 588 1582 642 1645; x_wconf 86' lang='lat' dir='ltr'>est,</span> <span class='ocrx_word' id='word_1_112' title='bbox 665 1574 846 1653; x_wconf 91' lang='lat' dir='ltr'>paupercula</span> <span class='ocrx_word' id='word_1_113' title='bbox 868 1581 963 1634; x_wconf 88' lang='lat' dir='ltr'>mater</span> 
     </span>
    </p>

    <p class='ocr_par' dir='ltr' id='par_1_8' title="bbox 218 1654 1001 1738">
     <span class='ocr_line' id='line_1_18' title="bbox 218 1654 1001 1738; baseline 0.001 -19"><span class='ocrx_word' id='word_1_114' title='bbox 218 1660 256 1721; x_wconf 88' lang='lat' dir='ltr'>Et</span> <span class='ocrx_word' id='word_1_115' title='bbox 276 1661 388 1721; x_wconf 81' lang='lat' dir='ltr'>fundus</span> <span class='ocrx_word' id='word_1_116' title='bbox 410 1678 467 1720; x_wconf 89' lang='lat' dir='ltr'>nec</span> <span class='ocrx_word' id='word_1_117' title='bbox 489 1658 646 1720; x_wconf 76' lang='lat' dir='ltr'>vendibilis</span> <span class='ocrx_word' id='word_1_118' title='bbox 669 1677 724 1719; x_wconf 88' lang='lat' dir='ltr'>nec</span> <span class='ocrx_word' id='word_1_119' title='bbox 745 1677 866 1738; x_wconf 89' lang='lat' dir='ltr'>pascere</span> <span class='ocrx_word' id='word_1_120' title='bbox 890 1654 1001 1720; x_wconf 84' lang='lat' dir='ltr'>firmus’</span> 
     </span>
    </p>

    <p class='ocr_par' dir='ltr' id='par_1_9' title="bbox 218 1737 1032 1819">
     <span class='ocr_line' id='line_1_19' title="bbox 218 1737 1032 1819; baseline -0.002 -12"><span class='ocrx_word' id='word_1_121' title='bbox 218 1745 275 1816; x_wconf 80' lang='lat' dir='ltr'>Qui</span> <span class='ocrx_word' id='word_1_122' title='bbox 298 1746 378 1817; x_wconf 85' lang='lat' dir='ltr'>dicit,</span> <span class='ocrx_word' id='word_1_123' title='bbox 401 1745 506 1805; x_wconf 91' lang='lat' dir='ltr'>clamat</span> <span class='ocrx_word' id='word_1_124' title='bbox 525 1737 648 1804; x_wconf 88' lang='lat' dir='ltr'>‘rictum</span> <span class='ocrx_word' id='word_1_125' title='bbox 671 1737 786 1819; x_wconf 86' lang='lat' dir='ltr'>datel’;</span> <span class='ocrx_word' id='word_1_126' title='bbox 808 1744 937 1805; x_wconf 88' lang='lat' dir='ltr'>succinit</span> <span class='ocrx_word' id='word_1_127' title='bbox 958 1744 1032 1805; x_wconf 91' lang='lat' dir='ltr'>alter</span> 
     </span>
    </p>

    <p class='ocr_par' dir='ltr' id='par_1_10' title="bbox 213 1824 991 1908">
     <span class='ocr_line' id='line_1_20' title="bbox 213 1824 991 1908; baseline -0.001 -18"><span class='ocrx_word' id='word_1_128' title='bbox 213 1826 266 1891; x_wconf 86' lang='lat' dir='ltr'>‘Et</span> <span class='ocrx_word' id='word_1_129' title='bbox 288 1824 408 1904; x_wconf 83' lang='lat' dir='ltr'>mibil&#39;3</span> <span class='ocrx_word' id='word_1_130' title='bbox 431 1829 548 1890; x_wconf 84' lang='lat' dir='ltr'>dividuo</span> <span class='ocrx_word' id='word_1_131' title='bbox 571 1829 703 1890; x_wconf 88' lang='lat' dir='ltr'>findetur</span> <span class='ocrx_word' id='word_1_132' title='bbox 724 1847 848 1890; x_wconf 89' lang='lat' dir='ltr'>munere</span> <span class='ocrx_word' id='word_1_133' title='bbox 871 1829 991 1908; x_wconf 89' lang='lat' dir='ltr'>quadra.</span> 
     </span>
    </p>

    <p class='ocr_par' dir='ltr' id='par_1_11' title="bbox 217 1914 960 1993">
     <span class='ocr_line' id='line_1_21' title="bbox 217 1914 960 1993; baseline -0.003 -17"><span class='ocrx_word' id='word_1_134' title='bbox 217 1916 275 1976; x_wconf 89' lang='lat' dir='ltr'>Sed</span> <span class='ocrx_word' id='word_1_135' title='bbox 297 1916 404 1976; x_wconf 91' lang='lat' dir='ltr'>tacitus</span> <span class='ocrx_word' id='word_1_136' title='bbox 426 1916 507 1993; x_wconf 90' lang='lat' dir='ltr'>pasci</span> <span class='ocrx_word' id='word_1_137' title='bbox 529 1915 554 1975; x_wconf 88' lang='lat' dir='ltr'>si</span> <span class='ocrx_word' id='word_1_138' title='bbox 576 1924 677 1993; x_wconf 90' lang='lat' dir='ltr'>posset</span> <span class='ocrx_word' id='word_1_139' title='bbox 699 1933 815 1986; x_wconf 84' lang='lat' dir='ltr'>corvus,</span> <span class='ocrx_word' id='word_1_140' title='bbox 837 1914 960 1975; x_wconf 89' lang='lat' dir='ltr'>haberet</span> 
     </span>
    </p>

    <p class='ocr_par' dir='ltr' id='par_1_12' title="bbox 213 1999 1122 2589">
     <span class='ocr_line' id='line_1_22' title="bbox 216 1999 1064 2079; baseline 0 -20"><span class='ocrx_word' id='word_1_141' title='bbox 216 2001 286 2061; x_wconf 91' lang='lat' dir='ltr'>Plus</span> <span class='ocrx_word' id='word_1_142' title='bbox 308 2001 391 2079; x_wconf 91' lang='lat' dir='ltr'>dapis</span> <span class='ocrx_word' id='word_1_143' title='bbox 414 2009 443 2059; x_wconf 91' lang='lat' dir='ltr'>et</span> <span class='ocrx_word' id='word_1_144' title='bbox 465 2000 545 2059; x_wconf 78' lang='lat' dir='ltr'>rinae</span> <span class='ocrx_word' id='word_1_145' title='bbox 567 2000 661 2060; x_wconf 91' lang='lat' dir='ltr'>multo</span> <span class='ocrx_word' id='word_1_146' title='bbox 683 2000 783 2060; x_wconf 88' lang='lat' dir='ltr'>minus</span> <span class='ocrx_word' id='word_1_147' title='bbox 805 1999 999 2077; x_wconf 85' lang='lat' dir='ltr'>invidiaeque.</span> <span class='ocrx_word' id='word_1_148' title='bbox 1022 2034 1064 2044; x_wconf 88' lang='lat'><em>-</em></span> 
     </span>
     <span class='ocr_line' id='line_1_23' title="bbox 216 2083 1122 2159; baseline 0.002 -16"><span class='ocrx_word' id='word_1_149' title='bbox 216 2084 406 2145; x_wconf 90' lang='lat' dir='ltr'>Brundisium</span> <span class='ocrx_word' id='word_1_150' title='bbox 430 2102 530 2143; x_wconf 90' lang='lat' dir='ltr'>comes</span> <span class='ocrx_word' id='word_1_151' title='bbox 552 2095 603 2144; x_wconf 91' lang='lat' dir='ltr'>aut</span> <span class='ocrx_word' id='word_1_152' title='bbox 625 2083 802 2145; x_wconf 83' lang='lat' dir='ltr'>Surrentum</span> <span class='ocrx_word' id='word_1_153' title='bbox 825 2085 932 2146; x_wconf 91' lang='lat' dir='ltr'>ductus</span> <span class='ocrx_word' id='word_1_154' title='bbox 953 2103 1122 2159; x_wconf 91' lang='lat' dir='ltr'>amoenum,</span> 
     </span>
     <span class='ocr_line' id='line_1_24' title="bbox 215 2167 1089 2248; baseline 0.002 -19"><span class='ocrx_word' id='word_1_155' title='bbox 215 2168 273 2240; x_wconf 86' lang='lat' dir='ltr'>Qui</span> <span class='ocrx_word' id='word_1_156' title='bbox 296 2169 431 2246; x_wconf 87' lang='lat' dir='ltr'>queritur</span> <span class='ocrx_word' id='word_1_157' title='bbox 452 2167 582 2228; x_wconf 86' lang='lat' dir='ltr'>salebras</span> <span class='ocrx_word' id='word_1_158' title='bbox 604 2176 633 2228; x_wconf 91' lang='lat' dir='ltr'>et</span> <span class='ocrx_word' id='word_1_159' title='bbox 654 2170 795 2231; x_wconf 90' lang='lat' dir='ltr'>acerbum</span> <span class='ocrx_word' id='word_1_160' title='bbox 818 2170 912 2248; x_wconf 81' lang='lat' dir='ltr'>frigus</span> <span class='ocrx_word' id='word_1_161' title='bbox 933 2181 963 2230; x_wconf 93' lang='lat' dir='ltr'>et</span> <span class='ocrx_word' id='word_1_162' title='bbox 984 2169 1089 2231; x_wconf 89' lang='lat' dir='ltr'>imbris</span> 
     </span>
     <span class='ocr_line' id='line_1_25' title="bbox 213 2253 1042 2334; baseline 0.002 -20"><span class='ocrx_word' id='word_1_163' title='bbox 213 2255 272 2314; x_wconf 76' lang='lat' dir='ltr'>dut</span> <span class='ocrx_word' id='word_1_164' title='bbox 294 2254 396 2315; x_wconf 87' lang='lat' dir='ltr'>cistam</span> <span class='ocrx_word' id='word_1_165' title='bbox 419 2253 569 2313; x_wconf 79' lang='lat' dir='ltr'>effractam</span> <span class='ocrx_word' id='word_1_166' title='bbox 592 2262 622 2314; x_wconf 92' lang='lat' dir='ltr'>et</span> <span class='ocrx_word' id='word_1_167' title='bbox 643 2253 787 2316; x_wconf 90' lang='lat' dir='ltr'>subducta</span> <span class='ocrx_word' id='word_1_168' title='bbox 809 2254 913 2316; x_wconf 84' lang='lat' dir='ltr'>viatica</span> <span class='ocrx_word' id='word_1_169' title='bbox 935 2255 1042 2334; x_wconf 86' lang='lat' dir='ltr'>plorat,</span> 
     </span>
     <span class='ocr_line' id='line_1_26' title="bbox 214 2338 1034 2419; baseline 0.002 -20"><span class='ocrx_word' id='word_1_170' title='bbox 214 2341 288 2400; x_wconf 86' lang='lat' dir='ltr'>Nota</span> <span class='ocrx_word' id='word_1_171' title='bbox 312 2340 404 2400; x_wconf 81' lang='lat' dir='ltr'>refert</span> <span class='ocrx_word' id='word_1_172' title='bbox 425 2338 589 2400; x_wconf 87' lang='lat' dir='ltr'>meretricis</span> <span class='ocrx_word' id='word_1_173' title='bbox 610 2340 757 2412; x_wconf 88' lang='lat' dir='ltr'>acumina,</span> <span class='ocrx_word' id='word_1_174' title='bbox 779 2359 868 2419; x_wconf 89' lang='lat' dir='ltr'>saepe</span> <span class='ocrx_word' id='word_1_175' title='bbox 890 2339 1034 2414; x_wconf 86' lang='lat' dir='ltr'>catellam,</span> 
     </span>
     <span class='ocr_line' id='line_1_27' title="bbox 214 2423 1038 2505; baseline 0 -19"><span class='ocrx_word' id='word_1_176' title='bbox 214 2426 309 2504; x_wconf 88' lang='lat' dir='ltr'>Saepe</span> <span class='ocrx_word' id='word_1_177' title='bbox 330 2423 534 2505; x_wconf 85' lang='lat' dir='ltr'>periscelidem</span> <span class='ocrx_word' id='word_1_178' title='bbox 558 2434 672 2504; x_wconf 90' lang='lat' dir='ltr'>raptam</span> <span class='ocrx_word' id='word_1_179' title='bbox 695 2425 752 2486; x_wconf 90' lang='lat' dir='ltr'>sibi</span> <span class='ocrx_word' id='word_1_180' title='bbox 775 2426 882 2499; x_wconf 84' lang='lat' dir='ltr'>flentis,</span> <span class='ocrx_word' id='word_1_181' title='bbox 905 2425 948 2486; x_wconf 91' lang='lat' dir='ltr'>uti</span> <span class='ocrx_word' id='word_1_182' title='bbox 969 2443 1038 2486; x_wconf 84' lang='lat' dir='ltr'>mox</span> 
     </span>
     <span class='ocr_line' id='line_1_28' title="bbox 213 2509 969 2589; baseline -0.001 -18"><span class='ocrx_word' id='word_1_183' title='bbox 213 2510 299 2571; x_wconf 89' lang='lat' dir='ltr'>Nulla</span> <span class='ocrx_word' id='word_1_184' title='bbox 321 2511 394 2572; x_wconf 87' lang='lat' dir='ltr'>fides</span> <span class='ocrx_word' id='word_1_185' title='bbox 415 2509 531 2571; x_wconf 92' lang='lat' dir='ltr'>damnis</span> <span class='ocrx_word' id='word_1_186' title='bbox 550 2511 688 2589; x_wconf 76' lang='lat' dir='ltr'>verisque</span> <span class='ocrx_word' id='word_1_187' title='bbox 710 2510 863 2571; x_wconf 90' lang='lat' dir='ltr'>doloribus</span> <span class='ocrx_word' id='word_1_188' title='bbox 885 2509 969 2570; x_wconf 87' lang='lat' dir='ltr'>adsit</span> 
     </span>
    </p>

    <p class='ocr_par' dir='ltr' id='par_1_13' title="bbox 215 2595 907 2658">
     <span class='ocr_line' id='line_1_29' title="bbox 215 2595 907 2658; baseline -0.001 -2"><span class='ocrx_word' id='word_1_189' title='bbox 215 2595 276 2658; x_wconf 90' lang='lat' dir='ltr'>Nec</span> <span class='ocrx_word' id='word_1_190' title='bbox 298 2596 390 2658; x_wconf 89' lang='lat' dir='ltr'>semel</span> <span class='ocrx_word' id='word_1_191' title='bbox 411 2596 522 2657; x_wconf 90' lang='lat' dir='ltr'>inrisus</span> <span class='ocrx_word' id='word_1_192' title='bbox 543 2595 637 2656; x_wconf 88' lang='lat' dir='ltr'>triviis</span> <span class='ocrx_word' id='word_1_193' title='bbox 659 2595 800 2657; x_wconf 88' lang='lat' dir='ltr'>adtollere</span> <span class='ocrx_word' id='word_1_194' title='bbox 823 2605 907 2656; x_wconf 92' lang='lat' dir='ltr'>curat</span> 
     </span>
    </p>

    <p class='ocr_par' dir='ltr' id='par_1_14' title="bbox 208 2680 1016 3017">
     <span class='ocr_line' id='line_1_30' title="bbox 214 2680 1016 2761; baseline -0.001 -20"><span class='ocrx_word' id='word_1_195' title='bbox 214 2681 321 2743; x_wconf 89' lang='lat' dir='ltr'>Fracto</span> <span class='ocrx_word' id='word_1_196' title='bbox 345 2700 433 2742; x_wconf 93' lang='lat' dir='ltr'>crure</span> <span class='ocrx_word' id='word_1_197' title='bbox 457 2681 590 2760; x_wconf 93' lang='lat' dir='ltr'>planum,</span> <span class='ocrx_word' id='word_1_198' title='bbox 612 2680 682 2740; x_wconf 90' lang='lat' dir='ltr'>licet</span> <span class='ocrx_word' id='word_1_199' title='bbox 703 2681 744 2741; x_wconf 92' lang='lat' dir='ltr'>illi</span> <span class='ocrx_word' id='word_1_200' title='bbox 766 2681 894 2760; x_wconf 85' lang='lat' dir='ltr'>plurima</span> <span class='ocrx_word' id='word_1_201' title='bbox 916 2690 1016 2761; x_wconf 79' lang='lat' dir='ltr'>manet</span> 
     </span>
     <span class='ocr_line' id='line_1_31' title="bbox 214 2765 974 2846; baseline -0.001 -19"><span class='ocrx_word' id='word_1_202' title='bbox 214 2767 356 2842; x_wconf 88' lang='lat' dir='ltr'>Lacrima,</span> <span class='ocrx_word' id='word_1_203' title='bbox 380 2785 434 2846; x_wconf 92' lang='lat' dir='ltr'>per</span> <span class='ocrx_word' id='word_1_204' title='bbox 455 2775 592 2827; x_wconf 89' lang='lat' dir='ltr'>sanctum</span> <span class='ocrx_word' id='word_1_205' title='bbox 615 2765 728 2827; x_wconf 90' lang='lat' dir='ltr'>iuratus</span> <span class='ocrx_word' id='word_1_206' title='bbox 750 2766 828 2826; x_wconf 89' lang='lat' dir='ltr'>dicat</span> <span class='ocrx_word' id='word_1_207' title='bbox 850 2765 974 2827; x_wconf 85' lang='lat' dir='ltr'>Osirim:</span> 
     </span>
     <span class='ocr_line' id='line_1_32' title="bbox 208 2843 1010 2928; baseline -0.001 -15"><span class='ocrx_word' id='word_1_208' title='bbox 208 2846 352 2928; x_wconf 73' lang='lat' dir='ltr'>‘Credite</span> <span class='ocrx_word' id='word_1_209' title='bbox 375 2871 437 2913; x_wconf 91' lang='lat' dir='ltr'>non</span> <span class='ocrx_word' id='word_1_210' title='bbox 460 2851 546 2925; x_wconf 90' lang='lat' dir='ltr'>ludo;</span> <span class='ocrx_word' id='word_1_211' title='bbox 569 2849 713 2925; x_wconf 79' lang='lat' dir='ltr'>crudeles,</span> <span class='ocrx_word' id='word_1_212' title='bbox 737 2851 831 2912; x_wconf 91' lang='lat' dir='ltr'>tollite</span> <span class='ocrx_word' id='word_1_213' title='bbox 853 2843 1010 2912; x_wconf 63' lang='lat' dir='ltr'>claudum?</span> 
     </span>
     <span class='ocr_line' id='line_1_33' title="bbox 212 2927 977 3017; baseline -0.003 -18"><span class='ocrx_word' id='word_1_214' title='bbox 212 2933 342 3008; x_wconf 84' lang='lat' dir='ltr'>‘Quaere</span> <span class='ocrx_word' id='word_1_215' title='bbox 364 2927 565 3017; x_wconf 84' lang='lat' dir='ltr'>peregrinum&#39;</span> <span class='ocrx_word' id='word_1_216' title='bbox 590 2936 695 2996; x_wconf 87' lang='lat' dir='ltr'>ricinia</span> <span class='ocrx_word' id='word_1_217' title='bbox 718 2954 806 2997; x_wconf 91' lang='lat' dir='ltr'>rauca</span> <span class='ocrx_word' id='word_1_218' title='bbox 830 2936 977 2997; x_wconf 91' lang='lat' dir='ltr'>reclamat.</span> 
     </span>
    </p>
   </div>
   <div class='ocr_carea' id='block_1_4' title="bbox 588 3108 741 3117">
    <p class='ocr_par' dir='ltr' id='par_1_15' title="bbox 588 3108 741 3117">
     <span class='ocr_line' id='line_1_34' title="bbox 588 3108 741 3117; baseline -0.013 0"><span class='ocrx_word' id='word_1_219' title='bbox 588 3108 741 3117; x_wconf 86' lang='lat'>———</span> 
     </span>
    </p>
   </div>
   <div class='ocr_carea' id='block_1_5' title="bbox 615 3226 708 3286">
    <p class='ocr_par' dir='ltr' id='par_1_16' title="bbox 615 3226 708 3286">
     <span class='ocr_line' id='line_1_35' title="bbox 615 3226 708 3286; baseline 0 0"><span class='ocrx_word' id='word_1_220' title='bbox 615 3226 708 3286; x_wconf 88' lang='lat' dir='ltr'>XVlll</span> 
     </span>
    </p>
   </div>
   <div class='ocr_carea' id='block_1_6' title="bbox 212 3343 1040 3676">
    <p class='ocr_par' dir='ltr' id='par_1_17' title="bbox 212 3343 1040 3676">
     <span class='ocr_line' id='line_1_36' title="bbox 212 3343 923 3417; baseline -0.001 -12"><span class='ocrx_word' id='word_1_221' title='bbox 212 3345 244 3405; x_wconf 90' lang='lat' dir='ltr'>Si</span> <span class='ocrx_word' id='word_1_222' title='bbox 268 3344 346 3405; x_wconf 88' lang='lat' dir='ltr'>bene</span> <span class='ocrx_word' id='word_1_223' title='bbox 368 3353 397 3406; x_wconf 93' lang='lat' dir='ltr'>te</span> <span class='ocrx_word' id='word_1_224' title='bbox 419 3347 497 3417; x_wconf 85' lang='lat' dir='ltr'>nori,</span> <span class='ocrx_word' id='word_1_225' title='bbox 519 3356 644 3417; x_wconf 90' lang='lat' dir='ltr'>metues,</span> <span class='ocrx_word' id='word_1_226' title='bbox 667 3345 816 3406; x_wconf 88' lang='lat' dir='ltr'>liberrime</span> <span class='ocrx_word' id='word_1_227' title='bbox 838 3343 923 3415; x_wconf 92' lang='lat' dir='ltr'>Lolli,</span> 
     </span>
     <span class='ocr_line' id='line_1_37' title="bbox 213 3430 1040 3511; baseline -0.004 -20"><span class='ocrx_word' id='word_1_228' title='bbox 213 3431 382 3492; x_wconf 87' lang='lat' dir='ltr'>Scurrantis</span> <span class='ocrx_word' id='word_1_229' title='bbox 404 3432 533 3510; x_wconf 90' lang='lat' dir='ltr'>speciem</span> <span class='ocrx_word' id='word_1_230' title='bbox 555 3431 708 3511; x_wconf 90' lang='lat' dir='ltr'>praebere,</span> <span class='ocrx_word' id='word_1_231' title='bbox 730 3431 883 3510; x_wconf 81' lang='lat' dir='ltr'>professus</span> <span class='ocrx_word' id='word_1_232' title='bbox 905 3430 1040 3491; x_wconf 86' lang='lat' dir='ltr'>amicum.</span> 
     </span>
     <span class='ocr_line' id='line_1_38' title="bbox 215 3515 887 3595; baseline 0 -19"><span class='ocrx_word' id='word_1_233' title='bbox 215 3515 251 3577; x_wconf 91' lang='lat' dir='ltr'>Ut</span> <span class='ocrx_word' id='word_1_234' title='bbox 273 3524 408 3577; x_wconf 90' lang='lat' dir='ltr'>matrona</span> <span class='ocrx_word' id='word_1_235' title='bbox 430 3517 577 3577; x_wconf 91' lang='lat' dir='ltr'>meretrici</span> <span class='ocrx_word' id='word_1_236' title='bbox 600 3517 699 3595; x_wconf 88' lang='lat' dir='ltr'>dispar</span> <span class='ocrx_word' id='word_1_237' title='bbox 721 3516 777 3576; x_wconf 91' lang='lat' dir='ltr'>erit</span> <span class='ocrx_word' id='word_1_238' title='bbox 798 3524 887 3592; x_wconf 84' lang='lat' dir='ltr'>atque</span> 
     </span>
     <span class='ocr_line' id='line_1_39' title="bbox 212 3599 897 3676; baseline -0.001 -15"><span class='ocrx_word' id='word_1_239' title='bbox 212 3600 358 3676; x_wconf 86' lang='lat' dir='ltr'>Discolor,</span> <span class='ocrx_word' id='word_1_240' title='bbox 380 3602 472 3663; x_wconf 86' lang='lat' dir='ltr'>infido</span> <span class='ocrx_word' id='word_1_241' title='bbox 494 3619 614 3663; x_wconf 90' lang='lat' dir='ltr'>scurrae</span> <span class='ocrx_word' id='word_1_242' title='bbox 636 3599 755 3663; x_wconf 89' lang='lat' dir='ltr'>distabit</span> <span class='ocrx_word' id='word_1_243' title='bbox 777 3600 897 3661; x_wconf 89' lang='lat' dir='ltr'>amicus.</span> 
     </span>
    </p>
   </div>
   <div class='ocr_carea' id='block_1_7' title="bbox 215 3827 1164 3903">
    <p class='ocr_par' dir='ltr' id='par_1_18' title="bbox 215 3827 1164 3903">
     <span class='ocr_line' id='line_1_40' title="bbox 215 3827 1164 3903; baseline -0.002 -15"><span class='ocrx_word' id='word_1_244' title='bbox 215 3836 283 3888; x_wconf 82' lang='lat' dir='ltr'>xvii</span> <span class='ocrx_word' id='word_1_245' title='bbox 300 3855 324 3889; x_wconf 88' lang='lat' dir='ltr'>o.</span> <span class='ocrx_word' id='word_1_246' title='bbox 343 3840 375 3889; x_wconf 79' lang='lat'>37</span> <span class='ocrx_word' id='word_1_247' title='bbox 387 3853 426 3902; x_wconf 77' lang='lat' dir='ltr'>tq.</span> <span class='ocrx_word' id='word_1_248' title='bbox 440 3827 561 3888; x_wconf 77' lang='lat' dir='ltr'>‘esto-</span> <span class='ocrx_word' id='word_1_249' title='bbox 571 3832 719 3899; x_wconf 77' lang='lat' dir='ltr'>viriliterl’]</span> <span class='ocrx_word' id='word_1_250' title='bbox 737 3835 795 3887; x_wconf 80' lang='lat' dir='ltr'>AK:</span> <span class='ocrx_word' id='word_1_251' title='bbox 814 3841 879 3889; x_wconf 83' lang='lat' dir='ltr'>esto.</span> <span class='ocrx_word' id='word_1_252' title='bbox 889 3866 920 3874; x_wconf 95' lang='lat'>-</span> <span class='ocrx_word' id='word_1_253' title='bbox 933 3835 1058 3887; x_wconf 80' lang='lat' dir='ltr'>viriliter?</span> <span class='ocrx_word' id='word_1_254' title='bbox 1072 3834 1078 3903; x_wconf 80' lang='grc' dir='ltr'>Ι</span> <span class='ocrx_word' id='word_1_255' title='bbox 1093 3838 1126 3888; x_wconf 76' lang='grc'>43</span> <span class='ocrx_word' id='word_1_256' title='bbox 1145 3850 1164 3886; x_wconf 79' lang='lat' dir='ltr'>st</span> 
     </span>
    </p>
   </div>
   <div class='ocr_carea' id='block_1_8' title="bbox 124 3897 769 3974">
    <p class='ocr_par' dir='ltr' id='par_1_19' title="bbox 124 3897 769 3974">
     <span class='ocr_line' id='line_1_41' title="bbox 124 3897 769 3974; baseline 0 -17"><span class='ocrx_word' id='word_1_257' title='bbox 124 3907 161 3971; x_wconf 81' lang='lat' dir='ltr'>(u)</span> <span class='ocrx_word' id='word_1_258' title='bbox 178 3905 276 3958; x_wconf 72' lang='lat' dir='ltr'>Rene:</span> <span class='ocrx_word' id='word_1_259' title='bbox 296 3921 343 3958; x_wconf 90' lang='lat' dir='ltr'>sno</span> <span class='ocrx_word' id='word_1_260' title='bbox 358 3909 363 3974; x_wconf 88' lang='grc' dir='ltr'>Ι</span> <span class='ocrx_word' id='word_1_261' title='bbox 379 3907 412 3958; x_wconf 85' lang='grc'>49</span> <span class='ocrx_word' id='word_1_262' title='bbox 429 3897 465 3957; x_wconf 79' lang='lat' dir='ltr'>‘et</span> <span class='ocrx_word' id='word_1_263' title='bbox 483 3903 545 3956; x_wconf 88' lang='lat' dir='ltr'>mibi</span> <span class='ocrx_word' id='word_1_264' title='bbox 556 3931 590 3943; x_wconf 95' lang='lat'>-</span> <span class='ocrx_word' id='word_1_265' title='bbox 602 3901 714 3971; x_wconf 70' lang='lat' dir='ltr'>quadra?</span> <span class='ocrx_word' id='word_1_266' title='bbox 734 3905 769 3957; x_wconf 81' lang='lat' dir='ltr'>al.</span> 
     </span>
    </p>
   </div>
   <div class='ocr_carea' id='block_1_9' title="bbox 0 0 1324 4372">
    <p class='ocr_par' dir='ltr' id='par_1_20' title="bbox 0 0 1324 4372">
     <span class='ocr_line' id='line_1_42' title="bbox 0 0 1324 4372; baseline 0 5"><span class='ocrx_word' id='word_1_267' title='bbox 0 0 1324 4372; x_wconf 95' lang='lat' dir='ltr'> </span> 
     </span>
    </p>
   </div>
  </div>
 </body>
</html>
