2640 4372
123 218 185 278 218
509 216 737 271 EPISTULARUM
754 217 774 269 ll
793 221 816 270 1.

208 391 318 453 Verum
340 408 393 469 age
416 389 521 461 ethis,
545 390 595 468 qui
618 408 649 450 se
672 390 776 450 lectori
799 389 920 450 eredere
943 389 1058 450 malunt

125 492 167 543 215
211 477 305 548 Quam
328 475 502 555 spectatoris
524 475 637 536 fastidia
660 476 738 536 ferre
760 474 890 553 superbi,

209 562 317 623 Curam
339 562 428 622 rodde
450 560 579 634 brevem,
602 561 626 620 si
648 579 758 621 munus
779 560 917 638 Apolline
939 558 1062 637 dignum

210 646 259 708 Vis
282 647 433 726 complere
455 645 539 706 libris
561 654 590 704 et
612 644 727 706 vatibus
748 645 854 705 addere
876 645 983 716 calcar,

210 733 248 793 Ut
269 732 366 793 studio
390 730 499 791 maiore
521 739 625 809 petant
647 731 789 791 Helicona
810 730 963 790 virentem.

209 817 300 878 blnlta
322 815 440 895 quidem
465 815 551 876 nobis
573 816 695 877 lacimus
717 815 791 875 mala
814 833 901 894 saepe
923 822 1028 893 poetae

124 918 167 968 tw
209 936 223 948 -
247 904 285 964 Ut
306 902 402 962 vineta
426 910 543 980 egomet
565 900 683 960 caedam
705 919 769 960 mea
791 933 815 976 -,
837 917 906 961 eum
927 899 982 960 tibi
1003 897 1115 959 librum

210 988 344 1049 Sollicito
366 987 470 1048 damus
492 995 543 1047 aut
564 986 657 1060 lesso;
681 1004 748 1045 cum
771 985 922 1058 laedimur,
945 1001 1040 1046 unum

210 1074 308 1152 Siquis
331 1072 493 1132 amicorum
516 1079 560 1132 est
581 1089 669 1132 ausus
691 1070 909 1150 reprehendere
931 1086 1067 1143 versum;

211 1157 283 1220 Cum
306 1158 371 1219 loca
393 1157 449 1216 iam
473 1157 593 1217 recitata
615 1156 791 1217 revolvimus
813 1155 991 1230 inrevocati3

211 1243 282 1305 Cum
306 1244 512 1314 lamentamur,
535 1260 596 1303 non
619 1241 760 1320 adparere
783 1241 899 1302 labores

124 1340 167 1391 225
209 1329 332 1390 Nostros
354 1337 384 1388 et
404 1327 487 1387 tenni
510 1327 633 1387 deducta
656 1335 791 1403 poemata
813 1326 880 1398 lil03

211 1412 284 1474 Cum
306 1430 459 1492 speramus
481 1431 516 1472 eo
539 1429 601 1471 rem
624 1421 786 1485 venturam,
810 1421 843 1471 nt
864 1410 952 1471 simul
973 1418 1064 1488 atque

212 1499 346 1559 Carmina
368 1497 504 1558 rescieris
527 1515 588 1557 non
612 1497 735 1575 fingere,
757 1495 931 1556 commodus
955 1496 1033 1556 ultro

211 1586 350 1645 Aroessas
371 1592 401 1642 et
423 1601 509 1661 egere
531 1591 612 1643 vetes
635 1590 663 1642 et
686 1581 817 1642 scribere
839 1600 937 1660 cogas.
961 1614 999 1624 -

212 1669 269 1730 Sed
292 1679 389 1729 tamen
414 1677 458 1728 est
480 1685 588 1746 operae
611 1667 737 1745 pretium
760 1684 953 1745 cognoscere,
976 1664 1072 1744 qualis

125 1769 168 1819 230
211 1755 351 1815 teutonos
373 1752 478 1812 habeat
500 1752 569 1813 belli
591 1760 720 1833 spectata
744 1752 882 1830 domique

211 1839 319 1913 Virtus,
342 1839 465 1916 indigno
490 1857 550 1898 non
574 1836 775 1899 conmittenda
797 1847 912 1915 poetae.

212 1925 318 1985 Gratus
339 1922 505 1983 Alexandro
528 1924 591 2001 regi
614 1941 722 2005 magno
745 1922 800 1983 snit
821 1922 869 1982 ille

212 2009 374 2080 Choerilus,
398 2007 518 2067 incultis
540 2009 590 2085 qui
613 2008 747 2068 versibus
770 2018 796 2067 et
821 2007 894 2068 male
918 2005 995 2067 natis

211 2093 335 2154 Rettulit
355 2102 502 2169 acceptos,
524 2093 622 2168 regale
646 2093 798 2162 nomisma,
821 2092 983 2170 Philippos.

125 2192 167 2242 235
211 2178 269 2238 Sed
291 2177 379 2237 veluti
402 2184 523 2235 tractata
547 2186 646 2237 notam
670 2176 824 2255 labemque
848 2177 1004 2237 remittunt

209 2263 391 2335 Atramenta,
414 2262 477 2321 fere
499 2261 660 2340 scriptores
682 2263 813 2323 carmine
835 2262 923 2323 loedo

210 2348 368 2428 Splendida
391 2347 466 2408 lacta
488 2346 596 2408 linunt
639 2347 718 2408 ldem
742 2366 794 2407 rex
816 2347 873 2421 ille,
896 2366 1003 2425 poema

211 2433 269 2504 Qui
293 2443 351 2494 tam
374 2432 530 2493 ridiculum
553 2443 612 2492 tam
636 2451 703 2493 care
725 2432 868 2512 prodigus
890 2434 970 2503 emit,

210 2519 316 2580 Edicto
338 2519 439 2592 vetuit,
462 2519 568 2596 nequis
591 2537 623 2579 se
644 2527 760 2597 praeter
782 2518 906 2597 Apellen

126 2616 170 2667 240
213 2606 354 2684 Pingeret
376 2613 427 2664 aut
448 2603 522 2665 alins
543 2603 673 2683 Lysippo
696 2604 818 2664 duceret
840 2621 906 2663 aera

213 2690 310 2751 Fortis
333 2688 490 2749 Alexandri
513 2689 623 2749 voltum
647 2688 823 2748 simulantia.
868 2687 980 2758 Quodsi

213 2775 355 2836 ludicium
378 2774 486 2835 subtile
509 2773 641 2834 videndis
662 2772 774 2834 artibus
796 2771 867 2833 illud

212 2863 253 2920 Ad
277 2861 371 2921 libros
393 2869 422 2919 et
444 2859 478 2918 ad
501 2859 574 2919 haec
592 2858 742 2919 llusarum
764 2857 843 2918 dona
865 2876 993 2930 vocares,

213 2946 356 3006 Boeotum
380 2944 410 3005 in
435 2961 533 3004 crasso
556 2944 668 3004 iurares
691 2961 758 3004 aere
781 2953 893 3004 natum.

128 3040 170 3090 245
213 3033 249 3090 At
274 3049 371 3107 neque
393 3028 573 3090 dedecorant
594 3038 644 3089 tna
666 3029 702 3089 dc
725 3048 757 3089 se
779 3028 885 3089 indicia
907 3036 995 3105 atque

214 3116 345 3186 llunera,
369 3132 444 3191 quae
467 3115 557 3175 multa
580 3114 677 3175 dantis
699 3132 766 3174 cnm
789 3113 873 3175 laude
895 3113 1030 3175 tulerunt

213 3199 318 3261 llilecti
340 3197 393 3258 tibi
417 3198 562 3278 Vergilius
584 3198 748 3277 Variusque
771 3208 884 3278 poetae,

213 3285 273 3344 Nec
296 3283 388 3362 magis
410 3285 542 3362 expressi
563 3285 660 3346 voltus
682 3303 737 3363 per
759 3303 849 3345 aenea
871 3284 956 3363 sigua

214 3370 309 3440 Onam
332 3387 386 3447 por
407 3370 479 3429 vatis
502 3390 576 3449 opos
599 3388 697 3431 mores
720 3370 869 3447 animique
890 3370 1021 3429 virorum

129 3465 171 3517 230
215 3454 367 3515 Clarorum
390 3453 550 3532 adparent;
573 3474 630 3516 nec
652 3473 806 3516 sermones
828 3471 882 3532 ego
905 3453 1021 3513 mallem

214 3539 357 3619 Repentis
378 3557 434 3617 per
455 3539 578 3601 humum
601 3558 688 3618 quam
712 3559 759 3601 res
780 3555 961 3618 componere
984 3548 1082 3616 gestas

215 3625 434 3703 Terrarumque
456 3625 529 3686 situs
551 3634 581 3685 et
603 3625 724 3686 llumina
747 3624 845 3685 dicere
867 3633 897 3685 et
919 3622 996 3683 arcis

215 3710 365 3771 Montibus
388 3709 538 3789 impositas
561 3719 590 3770 et
612 3709 735 3771 barbara
756 3727 848 3790 regna
871 3709 988 3787 tuisque

215 3796 361 3876 Auspiciis
382 3804 476 3857 totum
499 3797 633 3856 conlecta
656 3796 752 3856 duella
774 3814 827 3876 per
849 3795 952 3856 orbem

130 3891 171 3940 255
214 3880 405 3959 Claustraque
427 3879 579 3942 custodem
602 3881 683 3961 pacis
706 3880 872 3941 cohibentia
895 3879 998 3940 lanum
