2640 4372
124 193 187 252 236
504 190 547 243 on
567 190 656 242 turn
674 187 821 243 ronrrca.
919 173 925 184 “

210 365 319 426 Verum
342 364 394 425 ubi
416 365 502 445 plura
527 365 624 425 nitent
646 364 674 423 in
700 363 840 434 carmine,
865 381 924 423 non
949 380 1004 440 ego
1028 363 1130 442 paucis

211 451 354 512 Odendar
375 450 508 524 maculis,
531 469 605 529 quas
628 457 678 509 aut
699 449 813 509 incuria
836 448 911 509 fudit

210 538 269 596 Aut
291 536 419 596 humana
442 554 547 616 parum
572 537 648 596 cavit
671 545 782 597 natura.
829 528 906 603 Quid
930 551 1002 612 ergo
1026 530 1094 594 est?

211 621 249 682 Ut
271 621 400 700 scriptor
422 622 446 683 si
469 631 574 700 peccat
595 620 672 680 idem
695 619 833 679 librarius
854 637 958 697 usque,

123 719 167 769 tab
209 706 349 777 Quamvis
371 717 415 768 est
437 707 578 779 monitus,
600 706 684 765 venia
708 714 797 774 caret,
820 713 853 763 ut
875 703 1064 764 citharoedus

210 791 342 859 ludetur,
367 792 476 852 chorda
501 792 551 870 qui
573 808 691 869 semper
713 790 832 849 oberrat
854 789 965 861 eadem,

210 877 259 937 Sic
282 877 364 948 mihi,
388 878 437 955 qui
461 876 585 936 multum
609 884 714 949 cessat,
737 876 769 934 fit
792 874 945 935 Choerilus
966 873 1024 945 ille,

210 961 305 1032 Quem
330 961 375 1022 bis
397 972 478 1022 terve
500 962 613 1021 bonum
635 979 702 1021 cum
727 960 788 1021 risu
810 961 919 1033 mimr;
941 959 1069 1020 elidem

210 1047 356 1125 Indignor
379 1048 557 1126 quandoque
580 1047 679 1107 bonus
701 1046 840 1106 dormitat
862 1045 1023 1106 Homerus!

124 1143 167 1193 aso
211 1132 321 1193 Verum
344 1132 428 1210 operi
450 1132 540 1211 longo
565 1133 607 1192 ias
629 1141 675 1192 est
696 1131 842 1208 obrepere
864 1148 1012 1191 somnum.

211 1216 249 1277 Ut
271 1217 387 1295 pictura
410 1218 518 1296 poesis.
562 1217 627 1277 Erit
648 1235 733 1294 quae,
757 1217 781 1275 si
804 1215 928 1294 propius
950 1224 1019 1286 stes,

212 1301 254 1361 Te
277 1301 373 1380 capiat
396 1303 496 1381 magis,
520 1312 550 1362 et
572 1302 725 1379 quaedam,
748 1301 771 1360 si
794 1300 913 1380 longius
935 1300 1047 1370 abstes;

212 1386 292 1446 Haec
316 1398 393 1446 amat
416 1386 586 1459 obscurum,
609 1387 687 1446 volet
709 1387 781 1446 baec
803 1385 858 1445 sub
882 1384 948 1445 luce
970 1384 1071 1458 videri,

211 1471 321 1532 Iudicis
343 1485 480 1551 argutum
504 1490 579 1550 quae
603 1490 664 1531 non
688 1470 828 1531 formidat
850 1488 990 1543 acumen;

124 1567 168 1618 335
212 1556 294 1617 Haec
316 1557 426 1635 placuit
447 1557 548 1629 semel,
571 1558 642 1617 baec
666 1556 787 1617 deciens
809 1557 933 1635 repetita
956 1555 1094 1635 placebit.
1116 1588 1159 1599 -

213 1642 237 1703 Ο
262 1642 357 1701 maior
379 1643 528 1713 iuvenum,
552 1643 684 1721 quamvis
707 1653 736 1702 et
757 1661 829 1702 voce
851 1649 975 1720 paterna

214 1727 351 1806 Fingeris
373 1729 408 1788 ad
432 1738 548 1789 rectum
572 1739 602 1787 et
624 1737 730 1807 perte
753 1727 841 1805 sapis,
865 1727 922 1786 boc
944 1726 997 1786 tibi
1019 1724 1132 1785 dictum

212 1812 295 1873 Tolle
317 1832 442 1884 memor,
464 1815 553 1874 certis
575 1813 704 1873 medium
726 1820 755 1872 et
777 1811 928 1872 tolerabile
952 1810 1041 1871 rebus

213 1897 304 1957 Recte
326 1899 468 1970 concedi;
491 1898 646 1959 consultus
668 1898 741 1958 iuris
763 1907 793 1957 et
815 1906 898 1957 actor

125 1993 169 2043 3¹1⁰
213 1980 373 2044 Causarum
397 1984 553 2044 mediocris
576 1983 659 2044 abest
680 1983 788 2044 virtute
809 1982 910 2043 diserti

214 2067 367 2128 Messallae
392 2088 447 2129 nec
470 2069 526 2128 scit
549 2077 691 2145 quantum
715 2067 873 2128 Cascellius
895 2067 998 2138 Aulus,

214 2153 270 2212 Sed
296 2162 393 2212 tamen
417 2155 446 2211 in
471 2154 567 2231 pretio
591 2164 652 2212 est:
676 2153 876 2213 mediocribus
898 2170 962 2213 esse
985 2153 1082 2231 poetis

211 2237 276 2297 Non
300 2236 446 2309 hominos,
471 2256 531 2297 non
555 2238 594 2308 di,
618 2256 678 2298 non
704 2255 880 2298 concessere
902 2238 1067 2298 columnae.

212 2322 249 2382 Ut
271 2333 368 2400 gratas
390 2323 469 2383 inter
491 2342 608 2384 mensas
631 2324 806 2404 symphonia
828 2323 942 2383 discors

122 2417 166 2467 ³75
208 2406 245 2466 Et
267 2426 398 2469 crassum
421 2420 610 2488 unguentum
633 2421 663 2469 et
686 2409 778 2468 Sardo
801 2427 869 2469 cum
893 2408 979 2467 melle
1002 2424 1130 2486 papaver

211 2491 384 2565 Offendunt,
408 2503 525 2572 poterat
546 2494 615 2555 duci
638 2495 707 2572 quia
730 2511 804 2553 cena
827 2493 892 2554 sine
915 2493 986 2566 istis,

212 2577 261 2638 Sic
284 2580 391 2639 animis
415 2589 516 2639 natum
540 2580 755 2656 inventumque
776 2597 882 2658 poema
905 2578 1049 2649 iuvandis,

210 2662 240 2722 Si
265 2664 395 2740 paullum
419 2682 534 2725 summo
557 2664 692 2735 decessit,
714 2665 808 2742 vergit
829 2664 866 2722 ad
888 2664 992 2723 imum.

213 2747 329 2807 Ludere
352 2749 403 2826 qui
427 2750 532 2812 nescit.
556 2749 771 2828 campestribus
794 2749 922 2808 abstinet
943 2747 1042 2821 armis,

123 2839 167 2890 aab
210 2831 410 2911 lndoctusque
433 2834 509 2912 pilae
532 2834 642 2895 discive
664 2835 797 2894 trochive
819 2834 955 2911 quiescit,

211 2916 255 2977 Ne
277 2919 389 2996 spissae
413 2920 502 2978 risum
526 2919 631 2979 tollant
653 2920 775 2998 impune
798 2937 945 2979 coronae:

211 3000 267 3071 Qui
292 3004 386 3063 nescit
408 3022 509 3064 versus
530 3013 629 3065 tamen
652 3005 742 3065 audet
763 3001 899 3083 lingere?
921 3001 1049 3081 quidni?

210 3086 300 3146 Liber
322 3099 351 3147 et
374 3089 531 3165 ingenuus,
554 3090 729 3169 praesertim
752 3108 862 3150 census
883 3097 1052 3167 equestrem

210 3171 362 3232 Summam
388 3192 578 3234 nummorum
600 3177 730 3254 vitioque
754 3184 885 3235 remotus
907 3174 943 3234 ab
966 3173 1057 3234 omni.

123 3263 167 3314 ³85
211 3255 255 3316 Tu
281 3258 353 3318 nihil
376 3258 464 3318 invita
487 3260 568 3321 dices
591 3261 718 3321 laciesve
740 3260 879 3329 Minerva,

210 3341 243 3400 ld
265 3342 317 3403 tibi
342 3344 481 3405 iudicium
505 3356 558 3416 est
582 3364 614 3406 ea
637 3363 739 3419 mens;
761 3345 857 3422 siquid
880 3355 979 3404 tamen
1003 3343 1073 3403 olim

210 3427 380 3508 Scripseris,
404 3430 433 3489 in
459 3430 548 3491 llaeci
573 3431 734 3491 descendat
756 3430 860 3491 iudicis
882 3431 961 3490 auris

127 3574 330 3592 ᾗ·

210 3696 234 3731 υ.
254 3682 303 3734 355
329 3685 366 3745 ut]
389 3685 438 3745 lot:
468 3687 494 3733 et
519 3681 525 3748 Ι
552 3685 602 3735 356
630 3682 732 3733 oberret
758 3684 793 3745 (c)
820 3680 825 3747 Ι
851 3683 901 3735 358
919 3683 1001 3744 terre]
1018 3682 1066 3745 (υ)ε
1085 3683 1204 3752 terque!

125 3748 175 3799 358
187 3763 226 3812 sq.
249 3757 285 3800 at
301 3749 368 3801 idem
387 3749 503 3816 indigner
517 3788 523 3801 .
537 3788 544 3801 .
557 3750 701 3802 Homerus?
721 3755 867 3816 praeeunte
886 3753 988 3817 partim
1012 3749 1205 3802 Doederleina'o

126 3813 285 3866 Ribbeckius
308 3820 313 3880 l
334 3819 381 3870 361
401 3825 430 3870 ut
448 3819 546 3885 pictura
566 3820 653 3884 poesis
672 3819 729 3881 erit,
748 3819 812 3869 libri
829 3820 927 3886 Porpb.
944 3819 1145 3869 &abactionem
1162 3821 1206 3871 in-

124 3882 244 3935 dicantes
259 3890 264 3945 l
280 3887 329 3937 386
348 3891 403 3938 esto
423 3886 548 3954 Guyetm,
566 3887 622 3936 Fen
