2640 4372
502 214 732 268 EPISTULARUM
750 217 770 268 ll
790 220 812 269 l.
1130 212 1191 270 213

129 400 133 407 ·
207 385 247 461 Si,
271 386 339 465 quia
361 385 515 447 Graiorum
539 400 609 448 sunt
631 389 833 467 antiquissima
856 407 990 468 quaeque

207 471 322 551 Scripta
344 471 389 531 vel
411 473 532 551 optima,
556 473 681 534 Romani
703 484 867 553 pensantur
889 474 989 534 eadem

208 556 374 636 Scriptores
396 557 517 631 trutina,
542 577 602 619 non
626 561 771 636 estquod
794 559 886 619 multa
909 559 1079 637 loquamur:
1165 567 1194 616 30

207 641 254 701 Nil
277 643 354 702 intra
376 651 422 703 est
444 643 515 715 olea,
540 642 581 703 nil
605 654 686 703 extra
709 654 753 705 est
775 644 806 703 in
830 662 906 704 nuce
928 644 1005 716 duri,

207 725 347 788 Venimus
371 726 407 786 ad
429 746 578 788 summum
600 730 748 802 fortunae,
771 729 920 808 pingimus
944 739 1031 807 atque

207 811 362 873 Psallimus
385 822 414 872 et
436 813 583 874 luctamur
604 814 721 874 Achivis
744 814 859 874 doctius
882 815 989 875 unctis.

207 895 237 956 Si
261 896 380 957 meliora
402 897 474 970 dies,
497 898 627 972 utrina,
651 909 785 978 poemata
807 899 912 973 reddit,

208 980 291 1042 Scire
314 981 408 1054 velim,
432 983 541 1044 chartis
563 984 691 1062 pretium
716 994 823 1062 quotus
846 984 969 1064 adroget
990 1001 1095 1046 annus.
1164 991 1193 1041 35

206 1065 341 1146 Scriptus
362 1067 470 1128 abhinc
493 1087 588 1129 annos
611 1079 730 1129 centum
754 1070 804 1147 qni
828 1069 944 1142 decidit
968 1069 1046 1129 inter

206 1149 277 1211 Peri
264 1153 356 1212 lectos
378 1162 551 1230 veteresque
574 1155 677 1214 referri
700 1154 789 1215 dehet
810 1172 847 1214 an
870 1156 948 1215 inter

206 1235 276 1296 Vilis
298 1248 387 1315 atque
410 1236 521 1299 novos?
545 1239 707 1299 excludat
700 1239 795 1318 turgia
816 1239 893 1301 finis.

203 1313 270 1382 ‘Est
291 1332 375 1383 vetus
397 1332 485 1400 atque
508 1324 630 1419 prohus,
653 1333 722 1385 cent
722 1343 773 1383 um
797 1325 847 1403 qui
869 1324 986 1404 perficit
1006 1341 1111 1383 annos.

207 1404 293 1481 Quid,
316 1407 366 1485 qui
388 1408 514 1487 deperiit
535 1409 635 1469 minor
657 1428 717 1469 nno
741 1428 843 1470 mense
864 1411 910 1469 vel
932 1406 1033 1470 anno?
1166 1417 1195 1467 40

206 1489 288 1551 lnter
310 1511 385 1570 quos
408 1493 582 1554 referendus
605 1490 682 1553 erit?
705 1505 859 1554 veteresne
881 1505 993 1572 poetas,

205 1577 250 1636 An
275 1596 349 1654 quos
372 1586 401 1637 et
423 1596 564 1657 praesens
587 1590 616 1639 et
638 1588 757 1658 postera
781 1590 900 1657 respuat
921 1574 1021 1640 aetas?

202 1653 273 1721 ‘iste
297 1662 415 1740 quidem
440 1672 554 1724 veteres
577 1663 656 1724 inter
679 1675 808 1742 ponetur
830 1665 963 1737 honeste,

205 1744 265 1816 Qui
287 1748 332 1807 vel
355 1765 458 1808 mense
481 1747 563 1807 brevi
586 1749 630 1808 vel
653 1759 715 1809 toto
738 1759 783 1810 est
803 1749 902 1810 iunior
925 1738 1021 1811 anno?

205 1829 278 1890 Utor
299 1833 454 1911 permisso
478 1834 647 1911 caudaeque
670 1834 746 1913 pilos
767 1844 801 1895 ut
824 1834 950 1913 equinae
1165 1841 1194 1890 45

204 1915 355 1977 Paullatim
378 1917 462 1985 vello,
486 1928 516 1977 et
538 1918 624 1978 demo
646 1937 750 1991 unum,
774 1921 859 1981 demo
882 1920 969 1980 etiam
991 1936 1093 1989 unum,

203 2000 279 2062 llum
302 2003 385 2062 cadat
407 2003 507 2064 elusus
530 2003 645 2064 ratione
667 2005 782 2066 ruentis
804 2005 899 2065 acervi

205 2084 262 2155 Qui
285 2087 361 2147 redit
383 2087 414 2147 in
437 2089 531 2149 fastus
553 2098 583 2149 et
606 2089 742 2150 virtutem
765 2091 899 2152 aestimat
920 2089 1007 2151 annis

206 2170 387 2250 Miraturque
411 2173 493 2247 nihil,
518 2173 574 2235 nisi
598 2175 677 2253 quod
700 2176 828 2237 Libitina
851 2177 983 2237 sacravit.
1007 2207 1048 2218 -

206 2255 332 2328 Ennius,
355 2268 385 2318 et
407 2259 526 2338 sapiens
549 2269 578 2319 et
600 2261 686 2320 lortis
708 2270 738 2321 et
760 2263 833 2322 alter
855 2261 1013 2331 Homerus,
1167 2265 1196 2314 50

206 2340 244 2400 Ut
266 2342 360 2403 critici
382 2342 494 2415 dicunt,
517 2344 620 2404 leviter
643 2362 747 2405 curare
768 2347 892 2417 videtur,

208 2425 273 2496 Quo
296 2427 441 2506 promissa
464 2428 571 2487 cadant
593 2438 622 2487 et
644 2431 759 2490 somnia
782 2430 979 2508 Pythagorea3

206 2511 330 2574 Naevius
353 2511 383 2571 in
408 2510 545 2572 manibus
568 2531 630 2572 non
654 2523 698 2573 est
721 2526 749 2573 et
771 2513 921 2575 mentibus
943 2514 1044 2574 haeret

208 2596 306 2658 Paene
329 2594 457 2657 recensi
480 2597 552 2656 adeo
576 2607 712 2658 sanctum
734 2609 779 2659 est
800 2608 883 2659 vetus
905 2616 994 2660 omne
1016 2615 1130 2676 poema.

207 2682 374 2762 Amhigitur
396 2681 543 2759 quotiens
566 2692 633 2743 uter
655 2693 723 2744 utro
746 2684 784 2744 sit
805 2683 897 2762 prior,
920 2684 1016 2743 aufert
1167 2690 1197 2738 to

209 2767 353 2828 Pacuvius
375 2767 454 2828 docti
477 2768 584 2828 lamam
607 2769 696 2842 senis,
718 2769 824 2830 Accius
847 2769 907 2841 alti,

207 2851 321 2912 Dicitur
342 2853 445 2913 Afrani
466 2862 534 2932 toga
556 2854 732 2916 convenisse
754 2855 927 2926 Menandro,

210 2937 328 2998 Plautus
351 2939 386 2999 ad
409 2938 558 3017 exemplar
581 2939 672 3000 Siculi
694 2957 855 3020 properare
878 2938 1058 3018 Epicharmi,

210 3020 334 3083 Vincere
358 3023 501 3084 Caecilius
524 3025 673 3102 gravitate,
696 3025 854 3086 Terentius
876 3034 948 3086 arte.

210 3105 271 3168 Hos
293 3108 396 3169 ediscit
419 3120 448 3168 et
469 3109 524 3169 hos
546 3122 610 3170 arto
633 3109 738 3187 stipata
760 3112 874 3170 theatro
1168 3117 1197 3166 60

211 3192 331 3271 Spectat
352 3193 445 3253 Roma
468 3203 584 3272 potens,
606 3194 696 3254 hahet
718 3196 771 3255 hos
793 3205 989 3274 numeratque
1010 3202 1113 3273 poetas

209 3276 252 3336 Ad
276 3289 413 3337 nostrum
435 3288 553 3357 tempus
575 3279 638 3338 Livi
660 3280 814 3358 scriptoris
837 3279 872 3339 ab
896 3299 976 3342 aevo.

123 3409 325 3421 ⁸¹——

210 3494 218 3545 l
238 3510 262 3545 o.
281 3497 310 3545 31
333 3495 400 3556 olea]
420 3498 456 3558 to)
474 3494 573 3546 Beati:
592 3495 675 3546 oleam
699 3493 705 3564 Ι
729 3496 804 3547 duri?
822 3502 848 3546 ot
865 3514 888 3568 o.
908 3498 939 3550 33
958 3496 1060 3548 unctis?
1078 3494 1197 3545 Doeder-

124 3561 221 3612 leinius
238 3564 328 3625 (1835;
348 3562 436 3613 Ileden
453 3564 510 3612 und
527 3560 660 3623 Aufcdtze
678 3563 697 3613 ll
717 3566 833 3630 23llcqq.
853 3564 888 3626 cfss
909 3566 971 3617 adn.
990 3564 1041 3624 ed.)
1069 3562 1073 3629 Ι
1101 3565 1131 3616 37
1153 3576 1196 3613 uc·

124 3636 224 3682 teresne
251 3632 256 3697 Ι
284 3633 316 3684 38
336 3630 455 3681 excludet
473 3636 508 3695 (c)
528 3631 640 3681 excludit
657 3632 692 3694 (o)
720 3633 725 3698 Ι
749 3635 781 3685 40
800 3635 1024 3698 interrogationis
1040 3634 1148 3696 signum
1166 3632 1196 3679 in

122 3698 177 3759 fine
195 3715 285 3750 ceraue
298 3701 419 3765 positum
443 3713 503 3749 cum
521 3700 703 3765 Petschenigc'o
728 3706 839 3751 auctore
857 3702 888 3752 H.
907 3701 927 3750 1.
946 3699 1073 3750 Muellero
1092 3703 1119 3748 et
1135 3713 1196 3749 cum

126 3765 155 3817 G
183 3766 330 3833 Kmegero:
359 3766 442 3826 Quid?
469 3767 554 3832 qui..
567 3782 662 3831 ‚anno‚
690 3769 753 3834 {42
777 3767 947 3835 respuat]=
971 3769 1020 3819 13⁰:
1039 3772 1144 3832 respuet
1161 3767 1195 3832 (c)

124 3836 224 3952 qespuit
241 3837 345 3904 (otlld
364 3842 390 3886 et
408 3835 536 3901 itemlll
557 3837 632 3888 cadet
650 3839 684 3901 (o)
706 3838 759 3903 148
778 3836 835 3903 adl
854 3836 945 3898 fastus]
965 3835 998 3896 es.
1018 3850 1040 3887 c
1058 3836 1087 3888 lll
1107 3838 1146 3900 tr,
1164 3837 1195 3886 4:

134 3917 204 3953 asos
