2640 4372
485 983 522 1062 n.
545 981 725 1050 nouarn
748 983 901 1050 rancor

266 1170 378 1266 DE
439 1173 673 1268 ARTE
733 1171 1120 1272 POETICA

641 1371 743 1424 LIBER.

245 1544 380 1604 Humano
404 1545 491 1623 capiti
515 1545 657 1606 cervicem
682 1545 778 1623 pictor
801 1543 938 1620 equinam

244 1628 371 1709 lnngere
393 1630 417 1691 si
440 1629 508 1691 velit
530 1639 560 1690 et
581 1631 674 1691 varias
696 1630 839 1690 inducere
861 1629 977 1708 plumas

241 1715 378 1793 Undique
402 1716 526 1777 conlatis
548 1715 698 1789 membris,
721 1725 755 1775 ut
776 1714 904 1792 turpiter
925 1724 1021 1775 atrum

242 1800 362 1862 Desinat
384 1801 414 1860 in
438 1801 549 1879 piscem
573 1801 679 1861 mulier
701 1801 829 1860 formosa
851 1817 991 1878 superne,

243 1886 413 1964 Spectatum
437 1886 553 1947 admissi
577 1887 668 1948 risum
691 1885 823 1956 teneatis,
847 1881 957 1944 amici?

244 1970 369 2040 Credite,
393 1969 526 2042 Pisones,
550 1971 596 2030 isti
620 1970 735 2031 tabulae
758 1971 822 2031 lore
844 1970 951 2030 librum

241 2055 434 2126 Persimilem,
457 2054 550 2127 cuius,
572 2055 653 2115 velut
674 2055 754 2134 aegri
777 2055 901 2127 somnia,
925 2071 1013 2114 vanae

242 2140 406 2217 Fingentur
427 2140 551 2217 species,
574 2148 607 2200 ut
629 2158 686 2201 nec
707 2159 761 2219 pes
783 2158 840 2200 nec
862 2149 952 2218 caput
973 2139 1026 2199 uni

240 2224 391 2285 Reddatur
413 2225 534 2284 formae.
576 2219 758 2286 ‘Pictoribus
779 2234 867 2303 atque
890 2224 985 2304 poetis

242 2308 393 2380 Quidlibet
414 2309 542 2370 audendi
565 2329 684 2388 semper
705 2311 761 2371 luit
783 2328 875 2388 aequa
898 2299 1045 2388 potestas.³

240 2395 356 2457 Scimus
378 2404 408 2456 et
430 2396 507 2455 banc
529 2395 643 2456 veniam
666 2396 854 2474 petimusque
876 2393 1038 2471 damusque
1059 2394 1197 2467 vicissim,

239 2481 296 2541 Sed
321 2500 382 2541 non
407 2489 439 2541 ut
460 2480 583 2558 placidis
606 2490 713 2541 coeant
734 2479 858 2552 inmitia,
882 2498 943 2539 non
966 2487 1000 2538 ut

238 2566 400 2643 Serpentes
422 2565 522 2625 avibus
545 2566 743 2643 geminentur,
765 2564 891 2643 tigribus
913 2564 991 2642 agni.

238 2652 369 2730 Innuptis
390 2650 528 2727 gravibus
549 2650 726 2729 plerumque
749 2660 778 2710 et
798 2667 905 2726 magna
927 2647 1067 2728 professis

239 2736 420 2815 Purpureus,
444 2736 501 2796 late
524 2735 574 2812 qui
598 2735 759 2814 splendeat,
782 2753 861 2795 unus
883 2742 913 2794 et
935 2733 1009 2794 alter

238 2822 378 2882 Adsuitur
399 2839 528 2899 pannus,
552 2838 619 2880 cum
642 2821 727 2881 lucus
750 2829 779 2880 et
801 2838 850 2879 ara
873 2819 983 2879 Dianae

237 2905 275 2965 Et
296 2905 485 2985 properantis
507 2923 600 2983 aquae
623 2924 677 2984 per
699 2923 840 2966 amoenos
862 2904 989 2964 ambitus
1012 2921 1099 2981 agros

238 2991 296 3050 Aut
318 2991 427 3049 tlumen
452 2990 589 3051 Rhenum
613 3000 663 3051 aut
685 2991 801 3069 pluvius
823 2988 1001 3050 describitur
1022 3006 1120 3048 arcus.

242 3076 298 3136 Sed
323 3094 404 3135 nuuc
427 3093 487 3135 non
512 3084 575 3135 erat
595 3075 642 3136 bis
663 3076 757 3136 locus.
802 3075 839 3135 Et
860 3075 985 3134 tortasse
1007 3089 1183 3152 cupressum

153 3170 182 3219 20
241 3160 305 3222 Scis
326 3159 480 3236 simulare;
505 3161 662 3238 quidhoc,
685 3161 709 3222 si
733 3160 833 3220 tractis
854 3168 955 3219 enatat
976 3177 1081 3237 exspes

237 3244 374 3317 Navibus,
399 3264 466 3306 aere
489 3245 557 3306 dato
581 3245 631 3324 qui
654 3242 810 3324 pingitur?
854 3245 1003 3323 Amphora
1026 3242 1124 3322 coepit

239 3331 371 3404 lostitui;
395 3340 535 3392 currente
558 3339 621 3391 rota
644 3349 699 3390 cur
720 3349 828 3390 urceus
851 3327 932 3390 exit?

238 3533 311 3584 A.P.
330 3549 354 3585 u.
374 3535 439 3598 leq.
457 3532 571 3599 plumas,
596 3530 710 3598 undique
736 3530 846 3583 conlatis
868 3529 989 3581 membris
1010 3533 1040 3580 ut
1063 3528 1099 3579 al.
1126 3524 1131 3594 Ι
1160 3528 1229 3592 3⁸4·

154 3608 233 3651 atram
257 3600 357 3652 desinat
380 3601 406 3653 in
431 3601 531 3666 pistrim
549 3601 570 3651 1.
588 3600 621 3652 F.
642 3599 793 3650 Gronovius
816 3601 882 3650 obss.
906 3598 957 3649 lo.
975 3595 1052 3647 xvttt
1069 3611 1098 3661 p.
1118 3596 1167 3648 113
1186 3595 1228 3647 ed.

152 3668 238 3717 Platn.
265 3669 270 3736 Ι
296 3670 386 3736 pristin
410 3671 459 3733 (o),
486 3669 584 3734 pristim
608 3683 663 3718 non
686 3673 758 3719 racto
777 3667 912 3720 &anania
931 3667 947 3717 l.
966 3665 991 3731 l.‚
1014 3664 1062 3716 aad
1085 3667 1168 3714 eiiam
1192 3662 1229 3715 N.

152 3735 261 3786 Heinsio
284 3740 314 3787 in
339 3739 439 3788 codicia
460 3739 505 3786 arai
526 3739 649 3800 margine
672 3738 769 3786 tribuit
792 3732 910 3854 ML]
937 3733 1041 3785 bmissi
1068 3733 1073 3798 Ι
1100 3732 1232 3784 tenentis?

151 3804 242 3868 Amici,
261 3805 364 3861 credite.
380 3805 485 3857 Pisones
497 3806 548 3856 Ier.
562 3803 707 3855 Markland
718 3804 755 3856 ad
766 3804 888 3855 calcante
909 3804 995 3855 dur.
1009 3801 1103 3868 Suppl.
1113 3816 1140 3866 p.
1155 3801 1207 3852 254
1220 3804 1225 3863 Ι

154 3874 168 3919 'r
188 3872 271 3936 aegris
286 3872 291 3939 l
308 3875 338 3926 tS
358 3874 452 3925 fluvius
469 3873 473 3941 Ι
489 3876 522 3926 22
540 3873 639 3924 institui
659 3877 775 3924 currente
793 3878 858 3937 rota,
875 3886 920 3924 cur
937 3870 971 3922 al.
