2640 4372
537 227 578 280 DE
598 227 684 279 ARTE
702 225 849 310 POETIGA.

244 404 275 463 Si
297 421 426 482 possum,
450 402 592 477 irrideor,
615 418 683 461 cum
706 402 805 480 lingua
829 400 948 462 Catonis
969 410 998 461 et
1021 399 1100 461 Enni

244 490 418 549 Sermonem
441 488 568 566 patrium
592 486 726 547 ditaverit
748 497 777 546 et
799 503 873 546 nova
897 503 996 546 rerum

244 573 369 633 Nomina
391 570 570 651 protulerit?
592 572 675 632 licuit
696 589 873 650 semperque
895 570 995 630 licebit

243 660 398 737 Signatum
421 665 577 736 praesente
602 666 670 716 nota
692 657 858 734 producere
881 674 1001 716 nomen.

244 744 283 804 Ul
305 744 391 804 silvae
414 743 490 804 loliis
513 760 625 820 pronos
647 751 800 802 mutantur
822 741 852 801 in
876 759 981 814 annos,

242 829 340 890 Prima
363 829 482 900 cadunt,
505 828 544 888 ita
565 827 724 888 verborum
747 835 831 887 relus
853 826 955 886 interit
976 835 1065 900 aetas,

243 913 280 975 Et
302 915 441 973 iuvenum
464 913 521 973 ritu
545 913 654 973 llorent
675 911 763 972 modo
785 921 854 972 nata
876 911 1044 990 vigentque.

242 999 392 1060 Debemur
413 999 501 1058 morti
525 1017 579 1058 nos
602 1005 772 1076 nostraque.
818 997 884 1057 Sive
907 1005 1043 1076 receptus

243 1084 334 1144 Terra
357 1084 513 1162 Neptunus
534 1083 634 1143 classis
656 1081 853 1161 Aquilonibus
876 1091 965 1154 arcet,

243 1169 331 1246 Regis
354 1187 440 1247 opus,
463 1168 604 1229 sterilisve
628 1168 712 1246 palus
734 1168 783 1228 diu
806 1176 933 1245 aptaque
956 1167 1045 1227 remis

243 1254 360 1315 Vicinas
382 1253 465 1314 urbis
488 1253 538 1314 alit
560 1262 590 1314 et
611 1271 698 1332 grave
720 1252 811 1312 sentit
831 1261 970 1324 aratmm‚

244 1340 301 1400 Seu
325 1356 445 1400 cursum
468 1339 589 1399 mutavit
611 1339 746 1416 iniquum
768 1337 903 1416 frugibus
926 1336 1029 1405 amnis,

243 1425 354 1485 Doctus
376 1425 432 1485 iter
454 1424 574 1486 mebus:
599 1424 732 1484 mortalia
755 1423 830 1483 lacta
852 1422 1003 1501 peribunt,

243 1511 356 1570 Nedum
379 1527 549 1570 sermonum
573 1518 630 1570 stet
652 1509 749 1569 honos
772 1516 801 1567 et
822 1508 914 1586 gratia
935 1507 1027 1567 vivax.

243 1595 333 1656 Multa
355 1602 553 1656 renascentur
575 1612 649 1672 quae
672 1595 728 1654 iam
752 1592 897 1665 cecidere,
919 1591 1085 1670 cadentque

244 1680 326 1752 Quae
349 1699 430 1742 nunc
452 1688 522 1741 sunt
544 1681 574 1740 in
597 1681 713 1739 honore
735 1677 885 1751 vocabula,
908 1678 931 1738 si
954 1677 1033 1738 volet
1056 1696 1135 1750 usus,

246 1765 341 1836 Quem
363 1784 456 1844 penes
479 1765 633 1826 arbitrium
657 1774 701 1825 est
724 1773 753 1823 et
774 1764 820 1824 ius
842 1772 872 1824 et
894 1780 998 1822 norma
1019 1761 1171 1840 loquendi.
1191 1795 1234 1807 -

244 1850 302 1911 Res
323 1860 422 1928 gestae
445 1868 609 1929 regumque
631 1850 800 1928 ducumque
822 1858 852 1909 et
873 1848 968 1908 tristia
991 1847 1067 1907 bella

244 1934 310 2005 Quo
334 1934 423 1995 scribi
448 1945 570 2014 possent
593 1953 728 2008 numero,
751 1933 925 1994 monstravit
947 1932 1103 1993 Homerus.

243 2018 384 2080 Versibus
406 2020 557 2097 impariter
579 2020 687 2080 iunctis
709 2019 894 2099 querimonia
917 2017 1055 2097 primum,

244 2103 314 2163 Post
335 2103 423 2163 etiam
444 2103 559 2163 inclusa
581 2113 626 2165 est
646 2104 706 2164 voti
727 2103 874 2164 sententia
896 2121 1034 2183 compos;

244 2187 317 2259 Quis
338 2196 437 2247 tamen
460 2188 582 2267 exiguos
605 2189 704 2267 elegos
727 2189 857 2249 emiserit
878 2198 992 2260 auctor,

244 2272 431 2333 Grammatici
453 2281 569 2333 certant
592 2283 622 2334 et
643 2275 740 2334 adhuc
763 2273 819 2335 sub
842 2273 939 2334 iudice
961 2274 997 2334 lis
1019 2281 1072 2333 est.

242 2358 450 2419 Archilochum
474 2359 596 2438 proprio
620 2359 716 2420 rabies
737 2359 860 2419 armavit
882 2358 995 2433 iambo;

243 2443 331 2504 Hunc
354 2444 433 2504 socci
455 2462 563 2522 cepere
585 2445 690 2523 pedem
714 2446 900 2524 grandesque
923 2442 1062 2505 cothurni

242 2530 371 2590 Alternis
394 2537 495 2608 aptum
518 2530 707 2591 sermonibus
729 2539 759 2591 et
780 2529 933 2609 popularis

242 2615 416 2675 Vincentem
440 2615 581 2694 strepitus
604 2625 633 2676 et
655 2623 758 2676 natum
781 2615 871 2676 rebus
893 2614 1025 2694 agendis.

242 2700 325 2761 llusa
346 2699 427 2760 dedit
448 2698 556 2761 fidibus
578 2700 660 2762 divos
681 2718 849 2780 puerosque
871 2701 996 2760 deorum

242 2785 280 2846 Et
301 2785 431 2864 pugilem
453 2785 594 2846 victorem
618 2795 648 2846 et
670 2804 779 2864 equum
802 2785 964 2846 certamine
987 2783 1116 2864 primum

244 2870 281 2930 Et
302 2871 443 2930 iuvenum
466 2888 552 2931 curas
574 2879 604 2932 et
625 2869 717 2931 libera
739 2871 806 2930 vina
829 2871 950 2931 referre.

244 2955 412 3034 Descriptas
434 2973 551 3016 servare
573 2956 652 3016 vices
674 2973 858 3036 operumque
881 2956 996 3016 colores

242 3038 302 3099 Cur
323 3058 379 3118 ego
401 3039 425 3099 si
448 3058 566 3118 nequeo
589 3041 755 3119 ignoroque
776 3050 863 3120 poeta
885 3036 1019 3100 salutor‘l

244 3124 303 3185 Cur
325 3124 442 3185 nescire
463 3125 580 3203 pudens
601 3144 690 3204 prave
713 3144 802 3204 quam
824 3125 937 3187 discere
959 3121 1059 3185 malo?
1081 3156 1124 3168 -

242 3208 384 3270 Versibus
406 3211 515 3289 exponi
536 3211 656 3289 tragicis
679 3229 727 3272 res
749 3210 863 3272 comica
886 3229 946 3271 uon
969 3210 1047 3284 rolt;

156 3313 187 3363 90
245 3293 421 3373 Indignatur
442 3295 512 3355 item
535 3296 655 3375 privatis
678 3315 713 3357 ac
734 3314 830 3376 prope
851 3313 940 3357 socco

243 3379 347 3458 [tignis
368 3379 549 3442 carminibus
573 3383 687 3442 narrari
709 3399 782 3443 cena
806 3382 965 3462 Thyestae3

242 3464 364 3544 Singula
386 3483 521 3543 quaeque
542 3466 641 3527 locum
664 3475 786 3528 teneant
808 3466 911 3528 sortita
933 3466 1099 3527 decentem.

242 3665 267 3702 o.
286 3652 318 3702 59
337 3648 479 3715 procudere
495 3651 544 3714 (o);
565 3649 668 3702 Frena.
686 3649 824 3715 meeum,
841 3650 892 3700 alis·
908 3665 952 3716 ap.
970 3649 1058 3700 Bentl.
1078 3648 1083 3713 Ι
1102 3661 1236 3700 nummum

157 3716 293 3779 bobinus,
311 3717 398 3768 Bentt
425 3715 430 3784 Ι
457 3719 490 3770 63
508 3716 633 3770 debemus
651 3720 687 3784 (a)
710 3717 716 3787 Ι
742 3721 775 3771 66
793 3718 940 3785 sterilisque
966 3716 972 3784 Ι
998 3716 1073 3785 palus
1091 3716 1144 3780 diu]
1162 3717 1184 3770 1.
1197 3715 1234 3768 ll.

159 3784 301 3836 comm
328 3784 371 3837 diu
398 3785 472 3851 palus
493 3802 509 3835 o
534 3783 579 3849 (ef.
605 3787 794 3838 ructemus
820 3802 884 3840 ann.
911 3787 981 3852 phil.
1004 3787 1035 3838 61
1058 3800 1084 3851 p.
1109 3787 1142 3838 46
1175 3784 1236 3836 coll.

153 3868 192 3985 p.)
202 3855 238 3970 lq
246 3856 313 3972 sqqp
331 3853 407 3920 palus
424 3854 495 3921 prius
512 3853 599 3907 Bentl.
615 3854 620 3921 Ι
636 3856 668 3907 65
687 3863 781 3921 aptaue
796 3855 801 3922 Ι
816 3856 849 3907 ’12
866 3855 907 3908 uis
918 3857 956 3920 (o)
970 3855 975 3923 Ι
990 3856 1023 3908 el
1041 3852 1186 3918 decentem]
1198 3852 1237 3904 B·

167 3935 203 3970 o:
239 3934 301 3972 eceu
314 3935 342 3972 er
