2640 4372
506 237 546 289 DE
564 237 652 289 ARTE
669 237 818 294 Pontion.
1135 240 1197 302 227

214 410 348 488 Denique
371 411 409 471 sit
432 409 554 488 quidvis,
577 411 701 489 simplex
723 412 873 472 dumtaxat
895 422 925 473 et
947 432 1049 474 unum.
1073 452 1115 462 -

214 495 336 557 Maxima
361 515 428 574 pars
450 505 557 566 vatum,
580 505 663 575 pater
686 504 715 556 et
737 496 858 558 iuvenes
881 507 963 575 patre
987 499 1078 578 digni,

213 580 381 659 Decipimur
403 581 503 660 specie
526 582 613 642 recti:
636 581 733 642 brevis
756 600 820 642 esse
843 581 954 655 laboro,
1170 599 1199 650 25

213 665 366 727 Obscurus
389 667 436 739 iio,
459 676 619 726 sectantem
643 667 713 726 levia
737 667 819 727 nervi

214 749 361 811 Deficiunt
382 751 541 829 animique,
565 752 717 830 professus
739 752 861 831 grandia
884 761 991 830 turget,

213 835 311 914 Serpit
333 837 415 897 humi
438 846 519 896 tutus
542 837 665 896 nimium
688 837 867 916 timidusque
890 839 1053 915 procellae;

213 921 269 991 Qui
292 924 404 982 variare
427 923 510 1000 cupit
532 939 593 981 rem
618 923 820 1001 prodigialiter
841 941 941 994 unam,

213 1006 390 1083 delphinum
413 1007 492 1067 silvis
513 1007 655 1085 adpingit,
678 1006 819 1068 fluctibus
841 1025 963 1085 aprum:

215 1090 248 1151 ln
273 1091 373 1152 vitium
398 1092 477 1151 ducit
500 1092 604 1170 culpae
627 1092 705 1171 luga,
728 1093 752 1152 si
775 1103 856 1153 caret
878 1102 950 1153 arte.

211 1177 366 1236 Aemilium
389 1177 466 1237 circa
490 1176 590 1237 ludum
613 1176 696 1237 faber
720 1178 795 1238 imus
818 1187 848 1238 et
868 1177 977 1257 unguis

211 1262 364 1340 Exprimet
386 1271 416 1322 et
437 1262 533 1323 mollis
555 1262 718 1322 imitabitur
740 1281 807 1323 aere
830 1263 960 1342 capillos,

212 1346 315 1406 lnlelix
339 1347 436 1426 operis
458 1365 583 1419 summa,
606 1348 673 1426 quia
697 1366 809 1426 ponere
832 1358 926 1409 totum

211 1431 343 1507 Nesciet;
367 1433 448 1492 hunc
471 1451 526 1511 ego
548 1451 604 1506 me,
627 1433 722 1510 siquid
746 1451 928 1512 componere
951 1451 1062 1506 curem,

211 1516 275 1576 Nou
300 1517 393 1594 magis
416 1536 479 1577 esse
500 1517 586 1578 velim
609 1536 697 1594 quam
722 1537 792 1579 naso
815 1519 911 1578 vivere
934 1537 1023 1597 prauo

211 1600 411 1680 Spectandum
435 1602 528 1680 nigris
551 1602 644 1663 oculis
667 1603 814 1681 nigroque
838 1604 952 1681 capillo.
975 1636 1018 1647 -

211 1686 323 1746 Sumite
346 1687 497 1747 materiam
520 1687 633 1760 vestris,
658 1688 708 1766 qui
730 1686 868 1761 scribitis,
892 1706 1015 1767 aequam

211 1771 328 1832 Viribus
351 1782 380 1832 et
401 1780 514 1833 versate
537 1773 596 1844 diu,
621 1773 690 1850 quid
713 1774 791 1834 serre
813 1782 963 1845 recusent,

210 1856 286 1926 Quid
310 1857 426 1917 valeant
447 1858 552 1917 umeri.
597 1856 650 1918 Cui
673 1858 747 1918 lecta
769 1867 909 1936 potenter
932 1858 988 1918 erit
1009 1878 1065 1932 res,
1166 1872 1196 1922 40

209 1941 270 2000 Nec
293 1942 429 2002 facundia
451 1943 568 2003 deseret
590 1943 671 2001 hunc
695 1961 750 2002 nec
773 1943 886 2004 lucidus
910 1943 992 2003 ordo.

210 2024 331 2087 Ordinis
355 2027 424 2087 haec
447 2029 539 2088 virtus
562 2028 619 2087 erit
641 2037 670 2088 et
691 2046 793 2102 venus,
817 2039 867 2089 aut
889 2047 944 2107 ego
967 2029 1062 2101 iallor,

212 2111 247 2170 Ut
269 2112 324 2171 iam
350 2131 431 2173 nunc
453 2112 530 2173 dicat
553 2113 610 2172 iam
633 2131 714 2173 nunc
737 2112 874 2174 debentia
897 2114 964 2186 dici,

209 2194 353 2275 Pleraque
376 2197 492 2258 differat
514 2208 542 2258 et
565 2217 706 2276 praesens
728 2198 758 2258 in
784 2212 900 2279 tempus
922 2200 1052 2274 omittat3

212 2280 275 2341 Hoc
297 2291 383 2355 amet,
406 2284 463 2343 hoc
484 2294 606 2361 spernat
629 2283 765 2361 promissi
788 2284 929 2345 carminis
952 2294 1064 2345 auctor.

211 2365 244 2425 ln
269 2367 364 2428 verbis
387 2369 474 2427 etiam
498 2368 597 2428 tenuis
620 2377 782 2445 cautusque
805 2369 938 2429 serendis

213 2451 325 2512 Dixeris
349 2453 476 2530 egregie,
501 2461 603 2511 notum
627 2452 651 2511 si
675 2452 776 2511 callida
800 2452 921 2512 verbum

212 2535 382 2595 Reddiderit
404 2536 541 2596 iunctura
565 2554 684 2595 novum.
729 2535 760 2594 Si
784 2537 859 2597 lorte
882 2554 1004 2597 necesse
1027 2547 1072 2597 est

213 2620 333 2681 Indiciis
355 2629 522 2682 monstrare
545 2619 716 2681 recentibus
739 2618 836 2681 abdita
859 2638 960 2680 rerum
985 2630 1014 2681 et

212 2705 337 2785 Fingere
361 2707 500 2768 cinctutis
524 2725 583 2766 non
608 2705 741 2766 exaudita
765 2705 909 2785 Cethegis
1171 2718 1200 2768 50

212 2789 372 2870 Continget
394 2792 571 2869 dabiturque
593 2790 711 2851 licentia
734 2799 850 2871 sumpta
871 2790 1020 2870 pudenter

211 2875 248 2935 Et
272 2896 345 2937 nova
368 2878 494 2955 fictaque
519 2895 614 2955 nuper
636 2874 789 2936 habebunt
809 2876 898 2936 rerba
920 2875 1018 2947 fidem,
1040 2875 1064 2935 si

212 2958 323 3022 Graeco
347 2963 428 3023 lonte
451 2962 557 3023 cadent
579 2979 667 3040 parce
690 2961 811 3021 detorta.
857 2960 934 3033 Quid
959 2969 1056 3020 autem

212 3043 337 3106 Caecilio
362 3047 524 3125 Plautoque
548 3045 628 3106 dabit
650 3047 811 3119 Romanus,
835 3047 1004 3125 ademptum

211 3129 339 3208 Vergilio
362 3130 531 3211 Varioque?
554 3150 608 3210 ego
632 3149 695 3202 cur,
718 3131 873 3208 adquirere
895 3149 988 3210 pauca
1170 3141 1199 3190 tn

127 3248 306 3258 ————
324 3255 328 3258 .

211 3329 236 3366 v.
256 3317 287 3367 23
307 3315 418 3381 quidvis]
436 3320 470 3379 Ιυ)
488 3316 586 3370 dealt:
605 3315 666 3380 qnid
685 3316 724 3366 nis
747 3316 783 3379 (v)
809 3313 878 3381 quod
905 3313 944 3364 uis
968 3329 984 3363 o
1007 3312 1117 3379 quoduis
1134 3314 1171 3378 (u)
1193 3321 1198 3380 Ι

126 3383 159 3433 26
176 3380 244 3433 lenia
263 3384 297 3446 Ιυ)
324 3382 329 3451 Ι
357 3386 388 3436 29
407 3400 469 3446 ,rein
488 3383 664 3448 prodigialiter
680 3398 772 3447 unam,
790 3388 815 3432 et
832 3397 885 3433 rem
904 3382 1087 3448 prodigialiter,
1105 3396 1154 3433 nna
1173 3386 1199 3432 et

124 3447 187 3512 rem,
205 3451 380 3517 prodigialiter
398 3467 448 3503 una
466 3452 675 3514 (Praeda'eoviust
693 3451 736 3512 at,
756 3454 785 3500 at
802 3465 825 3501 v.
844 3449 874 3501 V
887 3454 938 3500 aot.
953 3465 1048 3516 gpmn.
1060 3451 1153 3503 Auatr.
1172 3467 1198 3502 a.

127 3519 192 3570 1867
207 3535 235 3584 p.
256 3521 336 3584 lsqq.
354 3520 357 3584 Ι
374 3521 406 3571 32
424 3533 489 3570 unus
507 3522 542 3583 (u)
564 3519 569 3585 Ι
591 3521 623 3571 36
642 3533 721 3584 paruo
739 3516 776 3586 (o)
801 3518 805 3584 Ι
828 3519 861 3569 37
880 3517 986 3583 nigroue
1010 3519 1014 3584 Ι
1037 3519 1070 3568 42
1088 3516 1150 3567 baut
1167 3524 1197 3581 (s.

126 3586 202 3652 hand)
218 3585 223 3656 Ι
238 3591 272 3640 44
289 3588 388 3653 reliqna
402 3587 619 3638 Schneidewinur
631 3586 725 3640 Philol.
740 3589 780 3651 10,
794 3589 842 3639 361
855 3603 893 3651 sq.
913 3586 1036 3652 pluraque
1054 3584 1086 3636 V.
1100 3584 1198 3636 Valen-

126 3656 166 3704 tio
180 3671 276 3720 progr.
293 3656 374 3707 schol.
392 3671 445 3706 soe.
461 3657 612 3722 polyteelm.
629 3652 761 3714 Francos.
781 3655 818 3705 ad
833 3653 869 3705 M.
888 3670 912 3707 a.
935 3655 998 3706 tero
1012 3669 1040 3718 p.
1059 3654 1092 3704 30
1108 3655 1113 3714 Ι
1128 3670 1150 3702 υ.
1164 3656 1197 3706 45

126 3728 153 3772 at
169 3725 201 3775 to
226 3725 346 3775 ordinem
365 3728 505 3788 percantat
522 3723 608 3774 Beati.
635 3722 640 3789 Ι
667 3724 700 3774 49
712 3739 767 3789 sqq.
786 3723 908 3773 distincti
925 3721 1068 3772 secundum
1086 3719 1122 3772 Μ.
1140 3722 1198 3771 Pet-

125 3792 235 3857 schenig
250 3809 277 3859 p.
297 3791 348 3842 Vlll
366 3793 407 3843 ad.
426 3808 450 3842 a.
468 3793 544 3844 toea:
570 3806 669 3855 rerum,
691 3793 796 3855 (rernm,
821 3797 847 3843 et
864 3791 910 3855 al.)
928 3789 1025 3855 fingere
1038 3829 1043 3842 .
1057 3829 1063 3842 .
1077 3788 1196 3854 Cethegis

127 3861 266 3925 continget,
285 3859 439 3927 dabiturque
457 3876 500 3926 og.
519 3858 555 3920 cf.
565 3861 597 3910 A.
607 3859 746 3911 Michaelis
763 3875 854 3914 comm.
873 3858 1023 3910 Mommsen.
1040 3875 1067 3924 p.
1081 3857 1161 3920 422st
1178 3859 1183 3923 Ι

125 3932 158 3981 52
178 3927 296 3994 iactaque
314 3931 349 3993 (v)
366 3928 452 3981 Beati.
468 3929 472 3996 Ι
489 3931 521 3981 53
540 3928 631 3980 cadant

947 4011 994 4062 lb*
